2105 3348
575 268 654 306 376
849 263 1089 301 HISTORIA
1119 261 1540 310 TRANSLATIONIS‚
1576 277 1657 301 mc.

571 351 665 397 tur,
694 342 821 402 cujus
853 338 927 384 die
946 337 1162 384 natalitio
1178 372 1191 394 ,
1220 346 1267 384 et
1291 336 1378 383 sub
1399 340 1529 401 cujus
1553 338 1763 402 reliquiis
1782 350 1962 403 gestum

571 436 665 466 esse
685 426 886 464 constat.
901 415 990 461 Sed
1009 432 1303 480 nequaquam
1318 415 1593 461 sanctissimi
1607 426 1831 478 martyres
1845 417 1965 462 Mar-

568 494 762 541 cellinus
782 504 828 539 et
843 494 1007 538 Petrus
1028 492 1232 555 ejusdem
1256 492 1411 555 operis
1429 502 1613 538 exortes
1631 510 1725 539 esse
1747 502 1961 555 possunt,

567 572 614 616 in
639 586 844 635 quorum
869 568 1056 615 basilica
1082 578 1322 632 patratum
1349 578 1440 625 est3
1476 579 1523 615 et
1556 586 1673 632 quos
1707 569 1825 632 ipsa,
1858 585 1963 632 quae

565 656 721 692 curata
748 655 815 691 est
846 644 1017 692 femina
1034 680 1047 702 ‚
1082 654 1185 691 toto
1209 644 1600 708 peregrinationis
1620 662 1713 691 suae
1734 655 1964 708 tempore,

565 733 620 768 ut
639 739 685 768 se
705 721 1003 785 adjuvarent,
1031 738 1214 784 semper
1239 721 1492 768 invocavit.

628 798 707 845 94.
736 798 849 844 Haec
872 807 1007 853 sunt,
1035 815 1144 862 quae
1167 797 1223 844 de
1242 797 1506 843 innumeris
1523 798 1805 844 Sanctorum
1822 798 1968 844 virtu-

564 875 714 931 tibus,
742 885 822 921 aut
848 893 871 920 a
897 873 1035 922 nobis
1068 875 1187 930 visa,
1217 885 1297 921 aut
1319 873 1531 921 fidelium
1562 875 1715 922 veraci
1739 874 1968 923 relatione

565 962 804 1016 comperta
820 987 834 1008 ,
862 952 1033 999 litteris
1065 969 1117 997 ac
1147 952 1390 999 memoriae
1409 953 1631 999 mandare
1651 952 1964 1010 decrevimus;

563 1046 671 1093 quae
691 1028 865 1075 Christi
890 1028 1180 1076 amatoribus
1201 1047 1252 1075 ae
1274 1039 1537 1092 martyrum
1556 1032 1653 1094 ejus
1670 1031 1968 1077 veneratori-

564 1106 652 1152 bus
691 1106 748 1152 ad
787 1106 1040 1170 legendum
1071 1115 1201 1170 grata
1235 1106 1340 1153 fore
1364 1124 1463 1154 non
1487 1106 1677 1171 ambigo
1705 1128 1715 1153 ε
1743 1108 1969 1171 quoniam

565 1181 687 1228 nihil
712 1182 776 1228 eis
800 1182 987 1228 videtur
1007 1181 1296 1245 impossibile
1310 1217 1323 1239 ,
1351 1182 1480 1246 quod
1509 1192 1564 1228 ut
1586 1183 1667 1229 fiat
1693 1183 1792 1230 Deo
1817 1184 1970 1230 omni-

564 1259 750 1322 potenti
776 1258 1019 1322 placuerit.
1036 1258 1297 1306 Incredulis
1315 1269 1473 1306 autem
1489 1276 1541 1305 ac
1559 1270 1829 1307 sanctorum
1862 1260 1968 1324 glo-

564 1335 649 1381 riae
667 1334 1030 1399 derogantibus,
1057 1337 1165 1401 quia
1186 1336 1422 1383 fastidiosa
1446 1354 1540 1383 esse
1564 1354 1663 1384 non
1694 1335 1887 1396 dubito,
1910 1354 1969 1383 ne

567 1412 768 1459 omnino
800 1412 955 1476 legere
986 1412 1161 1470 velint,
1192 1412 1482 1460 suadendum
1514 1430 1679 1460 censeo
1709 1433 1718 1458 :
1758 1429 1818 1459 ne
1842 1411 1970 1460 forte

567 1489 747 1537 vilitate
766 1491 917 1537 nostri
945 1490 1175 1537 sermonis
1202 1491 1396 1548 offensi,
1418 1490 1755 1554 blasphemiam
1774 1500 1820 1537 et
1840 1490 1967 1536 invi-

567 1566 773 1612 dentiam
801 1566 1006 1614 devitare
1030 1585 1129 1615 non
1157 1567 1366 1625 valeant;
1393 1584 1445 1614 ac
1473 1568 1539 1614 sic
1567 1567 1717 1614 Deum
1742 1577 1788 1615 et
1806 1567 1970 1632 proxi-

569 1660 700 1690 mum
714 1680 728 1701 ‚
749 1662 868 1709 quos
892 1662 1046 1692 amare
1056 1644 1306 1708 jubentur,
1333 1662 1379 1692 se
1398 1645 1548 1693 odisse
1566 1645 1820 1693 declarent.
