1979 3348
454 311 771 351 MARCELLINI
803 311 866 351 ET
898 311 1062 351 PETRI.
1384 314 1461 352 399

63 393 195 437 -Ad
219 394 307 437 haec
331 393 480 437 Petrus
501 395 622 438 vultu
645 395 738 438 laeto
758 410 892 455 pauca
913 395 1041 437 verba
1063 394 1249 437 reserens
1270 411 1278 436 τ

66 489 85 512 «
107 472 322 514 Christum
338 505 348 524 ,
373 473 535 531 inquit,
561 472 830 526 confitemur,
856 482 896 515 et
917 473 960 514 in
985 473 1123 532 ipsum
1149 472 1380 523 credimus,

62 548 152 607 Qui
174 557 235 591 est
256 547 368 590 solus
390 548 630 591 seculorum
656 551 717 606 (1)
740 548 932 591 Salvator
949 559 990 591 et
1010 549 1236 591 Dominus.

59 625 151 684 Ipse
173 625 305 677 valet,
329 625 542 684 quidquid
558 626 639 669 sibi
654 626 884 686 placuerit,
908 626 1070 678 facere,

61 705 170 745 Tam
194 702 300 746 coelo
324 713 518 762 terraque
540 714 712 763 potens,
737 720 862 763 quam
884 714 925 746 et
947 706 1068 763 ponti
1093 705 1312 758 fluctibus,

61 780 141 822 Cui
163 781 290 822 servit
314 789 449 822 totum
472 782 557 823 suis
582 780 736 824 eoelum
759 797 857 823 cum
881 781 1107 824 sideribus.

59 855 135 898 Ille
157 866 316 915 potest,
344 856 706 915 quandocumque
730 857 810 899 sibi
832 856 992 916 placet,
1016 858 1176 900 solvere

58 934 200 976 Duros
227 949 359 976 nexus
383 943 628 975 catenarum
643 967 653 986 ‚
678 934 834 992 quibus
856 935 1022 977 vinctus
1045 945 1207 987 teneor,

58 1012 111 1053 Et
135 1010 187 1053 de
211 1012 375 1054 cunctis
396 1020 707 1053 tormentorum
730 1011 866 1069 poenis
891 1020 1029 1053 tutum
1053 1011 1245 1054 reddere.

60 1087 142 1130 Sed
169 1103 310 1129 meum
333 1086 461 1129 credo
487 1086 603 1145 quod
626 1087 735 1130 nolit
755 1086 962 1146 impedire
983 1087 1202 1141 bravium,

60 1164 180 1223 Quin
199 1164 380 1223 peccatis
403 1162 686 1223 depurgatum
711 1165 933 1223 pervenire
955 1163 1083 1207 faciat
1097 1198 1107 1216 ‚

59 1243 140 1284 Per
161 1251 372 1284 tormenta
393 1241 621 1300 passioniS‚
648 1240 701 1283 ad
724 1256 954 1300 perennem
972 1240 1170 1299 gloriam.

59 1317 223 1360 Vellem
246 1326 410 1370 tamen,
436 1333 460 1360 o
480 1317 700 1370 Arthemi‚
725 1317 886 1360 ¹faceres
908 1317 1147 1376 periculum
1161 1351 1171 1371 ‚

59 1396 219 1438 Verum
245 1396 322 1437 siet
336 1428 346 1447 ,
374 1410 483 1437 anne
499 1393 671 1447 salsum,
696 1394 813 1453 quod
833 1394 884 1437 de
904 1395 1073 1437 Christo
1097 1394 1332 1448 credimus,

61 1472 279 1532 Quodque
297 1471 416 1514 illum
444 1481 529 1514 tam
551 1481 766 1531 potentem
789 1487 935 1514 omnes
955 1487 1041 1514 esse
1065 1470 1261 1515 dicimus,
1293 1490 1312 1512 »

122 1554 164 1592 3.
181 1575 239 1580 —
254 1547 322 1590 Ad
344 1548 434 1591 haec
458 1549 572 1599 antri
593 1547 819 1590 carceralis
840 1558 981 1590 custos
995 1581 1004 1599 ‚
1031 1547 1223 1590 nondum
1246 1547 1462 1590 credulus:

65 1642 85 1665 «
104 1625 224 1676 Fiat,
254 1624 334 1676 ait,
361 1623 477 1682 quod
499 1623 683 1666 hortaris
697 1656 709 1676 ,
734 1623 948 1682 hodieque
969 1623 1150 1675 clareat,

61 1701 210 1744 Valeat
231 1701 336 1760 quid
358 1701 553 1743 Christus
577 1710 698 1753 tuus,
721 1716 848 1759 quem
867 1716 933 1742 me
958 1716 1082 1758 rogas
1106 1700 1293 1743 credere.

60 1779 125 1821 En
151 1794 231 1836 ego
255 1795 370 1820 nunc
394 1778 476 1820 tuis
495 1777 650 1819 vinclis
670 1777 954 1836 superaddam
971 1777 1144 1820 vincula
1159 1811 1169 1830 ‚

62 1841 210 1914 Teque
234 1856 372 1914 ipsum
396 1854 619 1898 tenebroso
644 1855 836 1898 clausum
858 1855 1051 1914 linquam
1074 1857 1137 1912 (2)
1161 1871 1351 1907 carcere,

61 1933 201 1991 Atque
222 1933 334 1974 antri
356 1941 495 1990 postes
519 1932 622 1974 seris
645 1932 850 1989 stringam
874 1931 1154 1973 firmioribus.

63 2009 108 2052 Si
130 2019 169 2052 te
191 2009 317 2052 tantis
340 2007 593 2051 innodatum
616 2007 810 2051 liberarit
834 2007 1010 2051 nexibus

63 2084 258 2127 Christus
280 2094 433 2137 vester⁷
460 2100 509 2126 ac
526 2083 714 2127 solutum
736 2085 935 2143 sospitem
961 2083 1216 2136 reddiderit,

64 2161 247 2204 Credam
272 2160 420 2215 illum,
445 2170 571 2220 atque
598 2162 737 2204 Deum
760 2161 899 2204 colam
925 2162 1015 2204 sine
1038 2160 1192 2214 dubi03

62 2240 123 2281 Ea
145 2247 286 2280 tamen
308 2238 497 2291 ratione,
524 2239 558 2281 si
580 2237 843 2298 redemptam
866 2238 1013 2281 videro
1029 2272 1040 2291 ‚

63 2315 160 2375 Ipso
182 2315 353 2358 Christo
373 2313 557 2358 faciente
571 2349 581 2369 ‚
610 2331 748 2358 meam
775 2331 917 2358 caram
940 2315 1073 2358 filiam
1087 2348 1098 2367 ,

65 2393 132 2436 Ab
158 2392 274 2435 illius
299 2392 546 2446 dominatu,
570 2409 656 2452 quo
680 2403 872 2446 vexatur,
898 2392 1118 2436 daemonis.
1149 2411 1168 2432 »

66 2493 124 2499 —
137 2469 264 2510 Tunc
284 2468 508 2511 subridens
528 2468 652 2512 sortis
675 2469 745 2512 ille
766 2470 916 2512 Petrus
933 2469 1094 2512 Christi
1116 2467 1327 2511 famulus:

71 2562 92 2585 «
111 2544 239 2588 Fides
258 2545 344 2600 (3),
370 2545 447 2596 ait,
481 2545 697 2587 imbecilla
720 2546 970 2588 confirmari
990 2546 1170 2605 poterit,

115 2688 166 2732 (1)
191 2686 283 2722 Cod.
304 2687 546 2728 saeculorum,
566 2689 714 2723 saecula
732 2695 950 2723 constanter.

117 2751 167 2796 (2)
191 2749 280 2786 Cod.
304 2750 440 2797 linquo.

119 2811 169 2858 (3)
196 2813 425 2859 Cod.fede5.
