2105 3348
604 312 677 348 132
1025 303 1273 344 ElNHARffl
1310 300 1579 339 EplsTOLAE.

599 401 645 437 et
665 407 743 436 eos
765 389 821 434 (le
842 387 950 449 ipsis
971 383 1210 431 beneficiis
1229 383 1446 444 adjuvare
1466 381 1714 427 deberetis.
1738 381 2008 427 Certissime

600 466 787 514 consido
811 464 938 529 quod
971 463 1015 507 in
1045 462 1132 508 hoc
1156 472 1201 507 et
1231 463 1379 506 Deum
1404 469 1450 505 et
1481 469 1665 504 sanctos
1691 460 1785 521 ejus
1811 474 2009 521 prome-

599 551 688 592 reri
712 543 943 597 debeatis,
972 542 1005 586 si
1036 558 1110 587 me
1143 540 1238 586 voti
1269 538 1358 584 mei
1388 548 1662 600 compotem
1688 537 1735 581 in
1766 535 1848 582 liae
1875 553 2007 581 causa

597 625 773 671 efficere
803 621 1080 684 dignamini.
1118 621 1232 665 Item
1261 634 1378 680 rogo
1410 627 1461 661 ut
1493 616 1699 679 cogitare
1723 626 1864 678 atque
1888 631 2007 677 pen-

596 719 694 746 sare
716 698 975 763 dignemini
1012 714 1118 761 ‘luae
1154 711 1328 740 merces
1354 711 1436 740 vos
1461 692 1584 756 apud
1611 693 1760 737 Deum
1794 700 2004 745 maneat,

595 789 641 823 ot
677 778 772 823 lans
809 794 967 822 coram
1003 774 1159 822 seculo
1194 771 1327 819 vobis
1365 771 1601 817 adcrescat
1633 770 1694 825 si,
1731 787 1815 833 per
1846 785 1928 814 vos
1963 777 2010 813 et

598 857 645 900 in
666 852 830 900 diebus
850 852 1034 907 vestris,
1058 851 1187 897 locus
1202 848 1514 913 requietionis
1533 856 1808 892 sanctorum
1826 846 2010 908 Marty-

594 951 700 978 rum
716 968 727 988 ,
757 942 849 977 tam
878 932 925 976 in
951 928 1160 975 aedificiis
1184 944 1325 991 quam
1348 927 1393 972 in
1418 925 1518 971 aliis
1545 923 1814 970 necessariis
1838 920 2007 977 rebus,

593 1012 740 1058 fuerit
764 1021 955 1065 auctus,
982 1019 1176 1055 ornatus
1204 1017 1250 1054 et
1281 1004 1524 1059 excultus,
1547 1014 1601 1048 ut
1628 1003 1769 1048 etiam
1795 1011 2012 1048 exstruc-

594 1091 662 1136 tio
688 1091 784 1152 ejus
804 1087 988 1134 nomini
1011 1095 1167 1132 vestro
1195 1082 1508 1136 adscribatur,
1533 1081 1768 1144 simulque
1793 1090 1834 1125 et
1859 1089 2009 1125 vestra

592 1178 639 1214 et
667 1169 938 1230 Martyrum
960 1165 1187 1211 memoria
1213 1180 1295 1209 ore
1310 1162 1527 1209 omnium
1552 1160 1870 1223 populorum,
1898 1174 2014 1220 per-

594 1255 731 1308 petua
749 1243 1012 1298 mentione,
1037 1240 1321 1287 celebretur.
1351 1238 1422 1284 Ad
1442 1248 1710 1284 extremum
1726 1251 1843 1298 rogo
1866 1244 1912 1280 et
1931 1232 2015 1280 ob-

593 1327 698 1369 nixe
735 1321 964 1384 deprecor
1002 1336 1220 1383 magnam
1259 1315 1674 1363 mansuetudinem
1710 1324 1915 1359 vestram
1959 1323 2015 1357 ut

593 1418 734 1463 super
753 1417 826 1445 me
845 1399 1071 1444 miserum
1096 1408 1141 1443 et
1169 1405 1465 1460 peccatorem
1481 1429 1492 1449 ,
1511 1396 1605 1457 jam
1631 1409 1789 1438 senem
1815 1402 1861 1437 et
1885 1388 2015 1435 valde

595 1478 839 1524 infirmum
856 1513 867 1533 ,
898 1474 1274 1522 misericorditer
1298 1491 1349 1518 ac
1374 1472 1448 1536 pie
1472 1471 1705 1534 respicere
1725 1467 2011 1533 dignemini,

594 1566 639 1602 et
662 1573 685 1600 a
713 1554 837 1600 curis
867 1551 1156 1599 secularibus
1182 1549 1456 1596 absolutum
1487 1564 1539 1592 ac
1566 1546 1772 1592 liberum
1807 1544 1909 1591 fieri
1948 1543 2015 1588 sa-

597 1631 754 1688 ciatis,
784 1646 956 1694 meque
980 1626 1268 1692 permittatis
1286 1661 1298 1680 ,
1337 1626 1384 1670 in
1412 1641 1525 1687 pace
1560 1633 1607 1669 et
1638 1620 2013 1685 tranquillitate,

591 1713 723 1773 juxta
747 1707 959 1771 sepulcra
986 1705 1238 1752 beatorum
1257 1702 1433 1748 Christi
1463 1701 1732 1765 Martyrum
1747 1734 1758 1754 ,
1781 1708 2018 1761 patrono-

595 1805 706 1833 rum
740 1785 957 1832 videlicet
993 1794 1291 1837 vestrorum,
1328 1779 1414 1826 sub
1449 1777 1726 1824 defensione
1760 1785 1938 1832 vestra,
1968 1774 2017 1820 in

596 1862 873 1912 eorumdem
910 1872 1185 1907 sanctorum
1222 1857 1483 1921 obsequio,
1524 1865 1571 1900 et
1604 1853 1685 1900 Dei
1732 1869 1784 1898 ac
1822 1851 2017 1898 Domini

596 1941 748 1989 nostri
769 1940 878 1986 Jesu
901 1938 1077 1984 Christi
1104 1937 1300 1983 servitio
1324 1934 1582 1981 consistere
1597 1968 1610 1991 ,
1632 1943 1687 1977 ut
1710 1949 1787 1977 me
1811 1931 1888 1977 illa
1913 1931 2018 1976 ine-

598 2018 804 2065 vitabilis
835 2027 977 2082 atque
1008 2016 1174 2061 ultima
1208 2014 1330 2071 dies,
1363 2031 1470 2078 quae
1505 2011 1615 2058 huic
1646 2010 1802 2065 aetati,
1843 2009 1891 2055 in
1927 2026 2018 2073 qua

601 2096 744 2143 modo
779 2094 1067 2141 constitutus
1099 2110 1228 2149 sum,
1263 2090 1514 2138 succedere
1537 2089 1684 2143 solet,
1711 2104 1813 2134 non
1838 2087 2018 2132 transi-

603 2174 737 2222 toriis
757 2190 808 2219 ac
826 2171 1124 2235 supervacuis
1152 2174 1279 2216 curis
1303 2178 1608 2232 occupatum,
1630 2164 1708 2212 sed
1731 2164 1890 2229 potius
1908 2180 2020 2210 ora-

604 2253 723 2301 tioni
747 2269 797 2298 ac
813 2251 1007 2298 lectioni
1026 2259 1290 2306 vacantem,
1313 2259 1455 2312 atque
1476 2247 1525 2292 in
1549 2245 1724 2291 divinae
1745 2243 1858 2307 legis
1878 2242 2020 2289 medi-

606 2330 785 2377 tatione
813 2329 1123 2393 cogitationes
1148 2344 1273 2374 meas
1299 2336 1622 2381 exercentem,
1648 2321 1877 2369 inveniat.
