2105 3348
563 262 642 301 ‘264
863 258 1105 296 Hls'sORlA
1136 257 1562 305 TRANSLATIONIS,
1593 273 1670 298 Ere.

562 338 895 386 miserabiliter
927 344 1230 382 contractum
1263 344 1314 379 ut
1345 345 1510 381 mento
1536 352 1687 398 genua
1715 339 1977 401 jungeren-

562 429 658 463 tur.
681 415 772 475 Qui
797 430 947 459 unum
966 449 979 471 ,
1004 430 1060 459 ex
1084 410 1154 457 his
1177 412 1258 477 qui
1280 429 1367 459 nos
1391 411 1714 476 sequebantur
1730 450 1743 471 ,
1771 415 1974 478 rogavit,

559 506 613 540 ut
643 511 688 539 se
727 494 776 538 in
807 491 1051 538 ecclesiam
1080 490 1382 554 cleportaret3
1433 502 1479 538 et
1518 492 1622 548 ille,
1657 492 1978 540 misericordia

559 581 745 626 motu5‚
769 569 960 615 sustulit
984 586 1116 624 eum,
1144 580 1191 615 et
1217 568 1263 614 in
1290 568 1481 615 ecclesia
1499 572 1634 633 juxta
1660 569 1894 616 cancellos
1912 572 1979 632 ja-

559 667 664 696 cere
688 648 817 695 fecit.
851 646 942 707 Qui
979 646 1232 694 confestim
1257 647 1469 693 irruente
1503 664 1698 710 sopore,
1729 645 1811 693 ubi
1834 647 1981 710 jacuit

559 726 885 783 obdormivit-3
916 742 1003 771 nec
1036 725 1166 789 prius
1186 724 1426 789 evigilavit
1461 725 1622 789 plene,
1655 743 1797 790 quam
1821 725 1878 772 de
1904 725 1980 771 illa

557 803 814 852 miserabili
837 803 1197 858 contractione,
1224 820 1307 866 per
1336 803 1555 867 suffragia
1583 804 1890 858 Sanctorum,
1920 803 1983 848 ita

557 883 764 947 perfecte
791 892 977 927 sanatus
1004 892 1099 936 est,
1131 891 1184 926 ut
1210 881 1436 945 evigilans
1472 899 1557 945 per
1587 899 1660 936 se,
1695 882 1753 928 de
1785 881 1893 929 loco
1933 882 1982 927 in

556 976 701 1025 quem
718 957 811 1006 alio
836 968 1059 1023 portante
1082 957 1261 1004 delatus
1281 968 1347 1004 est
1363 994 1378 1016 ,
1400 968 1641 1023 surgeret,
1670 969 1813 1023 atque
1831 957 1887 1005 ad
1912 958 1983 1003 al·-

557 1048 657 1084 tare
676 1040 774 1084 Deo
798 1037 970 1101 gratias
989 1046 1180 1081 acturus
1204 1037 1463 1082 accederet.
1495 1038 1536 1082 Is
1563 1046 1718 1083 tamen
1735 1072 1747 1092 ,
1777 1035 1858 1082 uhi
1886 1036 1982 1083 dies

558 1116 745 1174 illuxit,
776 1125 823 1162 et
847 1132 933 1161 nos
963 1132 1072 1160 eum
1097 1131 1153 1160 eo
1180 1113 1310 1177 loqui
1337 1115 1609 1177 potuimus,
1636 1115 1803 1162 retulit
1828 1132 1874 1161 se
1894 1115 1984 1160 tri-

554 1192 646 1238 bus
670 1190 878 1247 vicibus,
914 1191 1193 1255 priusquam
1218 1191 1409 1254 signum
1441 1191 1650 1237 ecclesiae
1672 1191 1934 1250 sonuisset,
1959 1209 1982 1237 a

557 1270 764 1336 quodam
783 1268 872 1315 sibi
900 1271 1067 1333 ignoto
1091 1269 1267 1315 clerico
1284 1269 1564 1325 excitatum,
1590 1279 1733 1333 atque
1757 1269 1984 1317 admoni-

559 1361 664 1395 tum
715 1359 766 1394 ut
812 1365 1114 1411 nequaquam
1167 1347 1560 1411 praetermitteret
1602 1347 1722 1412 quin
1769 1357 1985 1412 tempore

557 1427 782 1474 matutini
807 1426 947 1473 officii
971 1426 1019 1471 in
1046 1425 1287 1472 ecclesiam
1307 1426 1510 1474 veniret.
1534 1426 1592 1472 Se
1613 1443 1807 1491 quoque
1833 1427 1896 1472 ita
1913 1425 1986 1473 fe-

560 1506 701 1560 cisse,
728 1521 780 1549 ac
806 1514 997 1567 postea,
1027 1503 1148 1548 sicut
1179 1520 1266 1550 nos
1300 1502 1530 1560 vidimus,
1564 1503 1612 1549 in
1650 1504 1839 1550 ecclesia
1864 1502 1985 1550 dor-

559 1583 788 1629 mientem
806 1581 1039 1646 integram
1056 1580 1126 1626 sui
1145 1581 1362 1644 corporis
1380 1580 1631 1627 sanitatem
1649 1581 1898 1645 recepisse.
1921 1581 1985 1627 Et

559 1660 635 1706 hic
649 1658 842 1724 quidem
857 1675 1097 1706 annorum
1113 1657 1302 1705 circiter
1314 1656 1589 1722 quindecim
1602 1676 1698 1705 esse
1711 1657 1981 1705 videbatur.

625 1820 705 1865 42.
743 1815 902 1863 Alium
920 1815 1085 1862 itidem
1097 1815 1323 1871 vidimus,
1341 1832 1441 1862 non
1463 1831 1685 1878 puerum,
1706 1813 1846 1860 uthic
1864 1825 1981 1871 erat,

559 1896 638 1944 sed
663 1894 794 1942 valde
820 1911 980 1941 senem
1004 1904 1147 1957 atque
1174 1893 1498 1956 decrepitum,
1525 1893 1627 1957 pari
1647 1891 1821 1939 morbo
1845 1892 1985 1939 affec-

563 1985 690 2029 tum,
710 1970 875 2018 eodem
909 1971 957 2016 in
983 1970 1089 2017 loco
1106 2005 1118 2027 ‚
1145 1969 1288 2015 simili
1322 1968 1494 2027 modo,
1521 1969 1663 2015 simili
1693 1970 1743 2015 in
1772 1978 1985 2033 tempore

560 2060 796 2096 curatum.
822 2047 977 2107 Quem
1001 2057 1048 2094 et
1070 2046 1224 2110 ipsum
1243 2056 1383 2092 nocte
1399 2045 1604 2111 quadam
1618 2082 1633 2105 ,
1656 2063 1765 2092 cum
1784 2055 1986 2110 propter

561 2126 853 2173 matutinum
876 2125 1084 2172 officium
1111 2123 1453 2171 celebrandum
1473 2123 1526 2170 ad
1567 2125 1746 2171 ostium
1778 2124 1985 2171 ecclesiae

564 2204 879 2258 venissemus,
913 2203 960 2247 in
996 2203 1098 2265 ipso
1133 2201 1304 2248 limine
1339 2202 1621 2265 reperimus.
1652 2202 1744 2261 Qui
1784 2201 1985 2266 genibus

562 2284 745 2337 nitens,
766 2279 953 2326 duobus
983 2298 1028 2326 se
1053 2279 1233 2325 baculis
1257 2278 1577 2336 sustentabat,
1604 2297 1656 2325 ac
1684 2279 1749 2325 sic
1776 2279 1859 2328 illo
1885 2292 1985 2327 tar—

563 2360 757 2407 dissimo
773 2368 911 2404 motu
931 2357 987 2402 ad
1014 2356 1379 2421 ingrediendum
1400 2374 1485 2404 nos
1517 2356 1813 2403 morabatur.
1834 2358 1985 2404 Cum-

563 2455 656 2504 que
679 2446 788 2502 post
824 2446 1010 2500 tergum
1041 2436 1139 2498 ejus
1172 2435 1447 2492 constituti,
1490 2435 1617 2481 illam
1658 2436 1841 2500 pigram
1875 2455 1984 2500 pro—

562 2517 829 2564 motionem
847 2513 1254 2578 praestolaremur,
1274 2523 1402 2559 tanta
1424 2515 1683 2561 suavissimi
1709 2516 1870 2562 odoris
1893 2516 1984 2562 fra-

565 2592 766 2658 grantia,
790 2591 846 2638 de
862 2589 1048 2636 basilica
1076 2590 1334 2653 procedens
1349 2626 1361 2646 ‚
1386 2608 1520 2637 nares
1544 2601 1729 2638 nostras
1748 2592 1979 2656 implevit,

565 2684 616 2718 ut
655 2670 873 2719 omnium
901 2679 1168 2715 aromatum
1201 2686 1251 2714 ac
1286 2668 1652 2733 thymiamatum
1680 2669 1980 2717 artificiosam

565 2747 961 2811 compositionem
981 2764 1057 2791 sua
1079 2746 1350 2809 praestantia
1370 2757 1630 2810 superaret.
1660 2747 1859 2793 Intravit
1881 2756 1981 2791 tan-
