2105 3348
552 289 627 326 338
852 280 1091 321 HISTORIA
1121 271 1519 316 TRANSLATIONIS
1531 300 1540 317 ‚
1574 284 1654 310 mc.

552 375 689 412 teret.
732 364 996 424 Statimque
1038 357 1255 404 exaudita
1296 364 1365 402 est
1381 389 1394 411 ‚
1438 363 1486 400 et
1523 353 1654 418 quod
1693 362 1937 417 optaverat
1952 389 1963 408 ,

550 441 759 489 Domino
779 437 1055 493 miserante,
1075 435 1176 481 sine
1196 450 1329 480 mora
1349 442 1418 479 est
1438 439 1708 479 consecuta.
1729 430 1830 494 Ipsa
1851 447 1967 495 quo-

550 536 641 583 que
663 517 764 572 die,
791 514 933 562 altera
959 513 1176 578 quaedam
1202 511 1379 558 femina
1405 510 1461 556 de
1485 525 1606 574 pago
1629 507 1938 556 Noviomensi
1954 544 1966 564 ,

549 594 744 640 nomine
767 591 985 647 Ruoitla‚
1011 588 1349 655 quinquennio
1380 603 1502 633 caeca
1519 621 1532 641 ,
1570 585 1696 632 inter
1721 584 1970 630 missarum

548 670 775 718 solemnia
800 669 962 715 lumen
989 667 1119 732 quod
1147 667 1365 712 amiserat
1382 700 1394 721 ‚
1431 663 1625 710 Christo
1648 661 1863 710 Domino
1886 677 1972 725 per

549 749 714 795 merita
740 748 1026 794 Sanctorum
1052 762 1249 792 suorum
1274 743 1511 799 donante,
1537 741 1734 805 recepit.

615 1067 694 1112 73.
735 1065 787 1109 In
821 1062 998 1108 octavis
1032 1059 1376 1123 Apostolorum
1394 1093 1406 1113 ‚
1435 1057 1481 1103 id
1511 1067 1611 1114 est,
1640 1054 1795 1119 pridie
1824 1070 1975 1101 nonas

544 1141 677 1203 julii,
707 1139 900 1204 quidam
931 1137 1077 1183 homo
1094 1171 1107 1192 ,
1138 1133 1447 1182 Gunthardus
1474 1132 1698 1189 nomine,
1726 1132 1783 1179 de
1809 1131 1975 1179 eodem

550 1234 690 1281 pago,
735 1215 864 1261 velut
893 1213 1068 1278 parlysi
1107 1229 1380 1275 percussus,
1418 1209 1475 1256 acl
1505 1208 1748 1255 basilicam
1780 1209 1829 1254 S.
1872 1207 1976 1254 Sal-

549 1295 609 1340 vii
639 1313 661 1339 a
686 1294 781 1338 suis
811 1292 1038 1338 adductus
1071 1300 1139 1337 est
1163 1310 1173 1335 ε
1197 1290 1308 1354 qui,
1337 1299 1392 1334 ut
1422 1286 1672 1344 dicebant,
1703 1289 1801 1351 jam
1822 1303 1974 1332 unum

551 1388 731 1417 annum
759 1368 962 1416 habebat
995 1368 1045 1414 in
1079 1367 1240 1414 eadem
1274 1365 1585 1421 infirmitate,
1623 1374 1671 1411 et
1703 1373 1800 1411 tam
1830 1362 1975 1410 vehe-

550 1460 738 1496 menter
770 1449 819 1494 in
843 1447 1032 1493 sinistra
1063 1456 1197 1509 parte
1229 1444 1445 1509 corporis
1479 1443 1549 1489 sui
1580 1441 1855 1490 debilitatus
1882 1451 1977 1499 est,

552 1538 606 1573 ut
629 1542 717 1572 nec
741 1541 938 1571 manum
958 1523 1016 1569 ad
1039 1540 1090 1570 os
1113 1522 1310 1578 ducere,
1334 1538 1422 1569 nec
1444 1538 1491 1568 se
1510 1520 1586 1569 vel
1608 1520 1763 1567 lavare
1785 1519 1860 1567 vel
1882 1518 1981 1565 cal-

555 1621 686 1651 ceare
708 1602 903 1649 valeret.
932 1602 1021 1648 Hic
1039 1636 1051 1656 ‚
1085 1617 1171 1664 per
1196 1598 1571 1647 misericordiam
1595 1599 1682 1647 Dei
1715 1598 1981 1662 meritaque

554 1683 842 1728 Sanctorum
855 1716 868 1739 ,
889 1689 1107 1742 tempore
1124 1677 1419 1724 matutinalis
1435 1677 1576 1725 officii
1589 1713 1603 1735 ,
1629 1677 1677 1724 in
1698 1676 1796 1741 ipsa
1812 1675 1980 1724 solem-

553 1759 730 1815 nitate,
757 1774 895 1803 sanus
914 1755 1109 1803 effectus
1131 1764 1219 1802 est.

624 1914 703 1958 74.
743 1911 974 1957 Similiter
1001 1919 1049 1956 et
1076 1909 1194 1955 alius
1219 1908 1396 1964 homo,
1429 1907 1627 1955 nomine
1657 1905 1977 1962 HildebonuS,

560 1989 754 2036 veniens
779 1987 837 2034 de
858 1987 1151 2033 monasterio
1173 1985 1304 2050 quod
1331 1983 1801 2031 Ad-duos-Gemellos
1829 1981 1986 2047 appel-

563 2069 701 2121 latur,
729 2082 839 2112 cum
864 2063 923 2109 ab
946 2064 1146 2110 infantia
1172 2081 1325 2110 caecus
1349 2072 1468 2110 esset
1486 2098 1498 2118 ‚
1525 2080 1578 2109 ac
1605 2062 1769 2109 lumen
1796 2059 1909 2108 coeli
1935 2060 1985 2106 in

564 2156 661 2191 tota
686 2144 779 2189 vita
812 2159 892 2188 sua
917 2159 1017 2190 non
1038 2141 1257 2198 vidisset,
1286 2141 1334 2188 in
1360 2140 1683 2189 celebratione
1708 2139 1983 2193 missarum,

563 2223 724 2270 eadem
748 2221 824 2268 dic
840 2257 853 2279 ,
891 2220 940 2266 in
976 2219 1139 2267 eadem
1162 2219 1353 2265 basilica
1372 2255 1385 2277 ‚
1420 2237 1507 2284 per
1539 2218 1729 2266 eosdem
1756 2217 1983 2270 Sanctos‚

564 2299 730 2348 eodem
765 2297 976 2345 Domino
1013 2298 1269 2344 miserante
1316 2307 1460 2361 atque
1497 2296 1787 2352 auxiliante,
1833 2294 1988 2341 visum

565 2375 767 2439 recepit,
800 2383 847 2421 et
875 2373 1037 2420 omnia
1067 2390 1175 2436 quae
1207 2372 1339 2437 prius
1367 2389 1467 2419 non
1497 2370 1643 2429 vidit,
1676 2370 1800 2418 clare
1828 2369 1989 2417 videre

566 2454 759 2502 meruit.
786 2451 885 2498 Die⁴
900 2467 1015 2497 vero
1039 2467 1279 2497 nonarum
1301 2449 1557 2513 juliarum,
1589 2449 1746 2513 puella
1770 2447 1988 2513 quaedam

566 2531 759 2597 parvula
775 2566 790 2589 ‚
810 2529 1009 2576 nomine
1032 2527 1347 2593 Reginlindis‚
1372 2545 1480 2593 quae
1502 2545 1602 2575 non
1623 2526 1825 2591 amplius
1845 2543 1988 2591 quam

569 2607 808 2674 septennis
835 2623 931 2653 esse
954 2604 1223 2662 videbatur,
1251 2622 1361 2651 cum
1385 2602 1541 2650 tribus
1566 2604 1704 2650 annis
1735 2602 1987 2650 oculorum

568 2704 766 2737 suorum
788 2685 971 2731 lumine
1001 2685 1248 2740 caruisset,
1275 2694 1322 2730 ct
1350 2684 1477 2730 inter
1502 2692 1700 2730 caeteros
1723 2681 1772 2728 in
1798 2679 1988 2727 basilica

569 2768 623 2812 tul
653 2765 870 2812 divinum
893 2762 1099 2809 officium
1123 2761 1409 2809 audiendum
1433 2760 1721 2808 constitisset
1736 2795 1748 2818 ,
1778 2759 1988 2806 interve-
