2105 3348
586 308 663 345 416
1029 303 1287 351 EINHARDI
1322 303 1551 342 CHARTAE.

584 385 716 440 liciis,
755 384 909 439 terris,
947 383 1109 445 pratis,
1160 381 1310 439 silvis,
1349 383 1548 446 campis,
1586 386 1789 445 pascuis,
1829 388 1983 452 aquiS,

582 477 870 526 aquarumve
885 459 1176 515 decursibus,
1206 459 1343 505 cultis
1365 459 1476 506 locis
1497 470 1542 505 et
1565 460 1771 516 incultis,
1793 464 1988 510 mobili-

580 537 666 582 bus
712 535 852 583 rebus
895 546 941 582 et
974 535 1325 592 immobilibus,
1363 553 1414 582 ac
1453 537 1620 600 seipsas
1658 539 1983 597 moventibus,

579 614 825 677 mancipiis
858 613 1029 660 diversi
1065 632 1199 661 sexus
1244 625 1291 661 et
1326 615 1502 673 aetatis,
1537 633 1736 662 numero
1770 627 1985 672 centum,

579 691 808 739 donamus
834 702 880 738 et
914 691 1141 738 tradimus
1173 691 1229 737 ad
1260 691 1499 738 basilicam
1527 692 1620 739 sive
1650 695 1988 741 monasterium

580 768 831 815 venerandi
854 769 1077 833 martyris
1097 768 1271 814 Christi
1292 769 1494 824 Nazarii,
1518 769 1642 832 quod
1662 780 1857 816 vocatur
1876 772 1990 816 Lau-

578 846 778 902 resham,
806 856 852 893 et
876 857 944 893 est
970 856 1298 893 constructum
1335 847 1380 891 in
1402 863 1522 910 pago
1545 846 1789 893 Rhenense
1811 848 1913 910 (1),
1940 849 1987 894 in

576 924 676 987 ripa
702 924 912 970 {luminis
944 925 1072 989 quod
1108 924 1284 970 dicitur
1309 925 1504 989 VVisgoz
1536 924 1628 987 (2),
1660 924 1739 970 ubi
1775 935 1988 989 tempore

574 1003 796 1065 praesenti
823 1003 895 1048 vir
925 1002 1205 1049 venerabilis
1238 1002 1510 1066 Adalungus
1534 1001 1652 1048 abba
1677 1003 1750 1065 (ὅ)
1776 1003 1874 1049 Deo
1903 1003 1988 1050 de-

575 1081 821 1127 servientis
846 1081 1227 1145 congregationis
1248 1091 1409 1144 pastor
1432 1091 1478 1128 et
1503 1092 1661 1128 rector
1693 1099 1787 1128 esse
1810 1099 1987 1145 cogno·

574 1157 739 1203 scitur.
780 1159 845 1204 Ea
882 1158 1099 1205 videlicet
1131 1158 1316 1204 ratione
1345 1169 1655 1205 memoratam
1680 1158 1985 1206 donationem

572 1244 713 1299 atque
741 1235 1044 1282 traditionem
1068 1234 1310 1291 facientes,
1339 1245 1410 1291 ut,
1433 1236 1657 1299 quamdiu
1683 1236 1728 1282 in
1757 1238 1842 1282 bac
1860 1253 1988 1283 mor-

573 1313 752 1360 talitate
764 1312 1139 1377 divinajussione
1154 1313 1428 1371 vixerimus,
1444 1313 1694 1360 habeamus
1713 1314 1984 1378 praedictam

572 1390 738 1437 cellam
762 1391 809 1436 in
832 1400 993 1438 nostra
1016 1400 1272 1455 potestate,
1299 1401 1345 1437 et
1364 1390 1451 1437 sub
1473 1402 1633 1438 nostra
1652 1392 1954 1438 ordinatione
1971 1427 1983 1447 ,

569 1467 745 1533 absque
763 1468 904 1514 ullius
922 1485 1140 1533 personae
1160 1479 1241 1514 aut
1256 1469 1500 1532 potestatis
1520 1469 1897 1516 contradictione
1915 1470 1984 1515 vel

569 1545 932 1609 impedimento,
952 1556 1048 1592 tam
1070 1545 1228 1602 simul,
1247 1562 1389 1610 quam
1408 1547 1683 1611 singillatim
1703 1565 1788 1611 per
1805 1564 1986 1593 succes-

569 1622 769 1678 sionem,
787 1623 843 1679 si,
860 1641 957 1671 uno
976 1623 1245 1687 superstite,
1261 1624 1380 1670 alter
1396 1642 1420 1671 e
1436 1624 1575 1671 nobis
1589 1636 1697 1672 ante
1718 1624 1981 1671 decesserit.

568 1698 713 1745 Filios
735 1716 928 1764 quoque
947 1699 982 1744 si
1010 1717 1098 1746 nos
1120 1698 1292 1747 habere
1310 1701 1565 1765 contigerit
1579 1736 1590 1757 ,
1620 1719 1740 1747 unus
1766 1718 1822 1747 ex
1842 1703 1906 1747 eis
1937 1702 1984 1746 in

570 1775 730 1822 eadem
754 1777 1044 1840 possessione
1068 1777 1206 1824 nobis
1231 1780 1340 1842 jure
1372 1779 1587 1843 precario
1610 1779 1840 1826 succedat.
1874 1780 1986 1826 Post

569 1852 758 1902 obitum
785 1871 896 1902 vero
923 1866 1160 1912 nostrum,
1188 1868 1447 1904 memorata
1472 1858 1586 1905 cella
1615 1876 1721 1904 cum
1751 1859 1881 1905 omni
1908 1863 1985 1904 in-

568 1931 785 1994 tegritate
813 1930 870 1978 ad
903 1933 1309 1996 praenominatum
1339 1934 1606 1982 venerabile
1642 1936 1983 1983 monasterium

566 2006 742 2072 absque
766 2008 910 2054 ullius
930 2009 1309 2058 contradictione
1335 2013 1616 2077 recipiatur,
1641 2022 1687 2059 et
1710 2013 1759 2059 in
1783 2015 1878 2076 ejus
1897 2030 1983 2077 po-

567 2094 731 2132 testate
742 2095 883 2151 atque
894 2087 1111 2135 dominio
1126 2099 1357 2153 perpetuo
1368 2101 1655 2154 permaneat.
1675 2092 1736 2137 Et
1755 2091 1790 2136 si
1812 2090 1982 2155 aliquis

614 2237 663 2281 (ι)
689 2237 735 2270 Le
754 2248 840 2283 pays
857 2237 907 2272 du
925 2237 1045 2281 Rhin,
1066 2239 1160 2274 situe
1178 2246 1282 2274 entre
1299 2239 1331 2274 le
1353 2252 1437 2286 pays
1454 2240 1503 2274 du
1520 2241 1619 2275 Mein
1637 2247 1674 2275 et
1691 2240 1724 2275 le
1741 2240 1979 2286 Lobdengau,

569 2299 759 2334 s’etendait
776 2311 837 2334 sui·
854 2300 887 2335 la
909 2302 984 2336 rive
998 2301 1118 2337 di-oite
1132 2303 1183 2337 du
1206 2303 1305 2338 Rhin
1324 2303 1454 2350 depuis
1470 2303 1505 2338 le
1521 2305 1621 2339 Mein
1637 2304 1805 2351 jusqu'au
1825 2303 1978 2347 Necker,

568 2367 604 2395 et
628 2363 855 2408 coniprenait
879 2375 950 2398 une
969 2365 1085 2410 partie
1104 2365 1148 2400 de
1171 2366 1424 2409 l’Odenwald,
1449 2367 1482 2401 le
1500 2368 1735 2415 Bergstfflsse,
1766 2374 1802 2402 et
1828 2368 1860 2402 la
1885 2374 1980 2402 terre

568 2423 614 2459 de
638 2424 808 2467 Geraver,
841 2431 939 2460 terra
978 2428 1145 2472 Get-aha,
1179 2429 1248 2464 das
1282 2431 1445 2465 Geraver
1472 2431 1668 2467 Landlein.
1708 2433 1801 2478 voy.
1832 2432 1976 2475 BesseL,

568 2488 633 2523 lib.
652 2500 703 2532 ιν,
725 2488 811 2537 745,
834 2483 1069 2526 n⁰⁴ccctxxnh

615 2552 666 2598 (2)
690 2553 939 2598 Aujourd'hui
959 2554 990 2589 le
1006 2555 1237 2596 Weschnitz,
1261 2557 1373 2603 petite
1394 2559 1524 2594 riviere
1540 2560 1621 2607 qui,
1641 2561 1746 2606 apres
1766 2559 1866 2593 avoir
1877 2560 1978 2605 passe

570 2629 615 2651 au
632 2617 725 2652 nord
743 2617 788 2652 de
809 2619 957 2662 Lorsch,
978 2633 1017 2654 va
1034 2631 1070 2654 se
1083 2621 1179 2665 jeter
1196 2621 1285 2656 dans
1302 2622 1335 2656 le
1353 2623 1465 2657 Rhin.

615 2679 666 2726 (3)
690 2681 923 2729 AdalunguS,
955 2684 1162 2731 cinquienie
1196 2686 1287 2721 abbe
1320 2687 1364 2722 de
1397 2688 1541 2723 Lorsch.
1574 2688 1602 2722 ll
1636 2694 1801 2730 mourut,
1836 2687 1977 2721 suivant

567 2744 615 2779 G.
640 2744 826 2787 Helwich‚
858 2746 889 2782 le
923 2759 952 2782 ix
981 2748 1043 2783 des
1067 2748 1232 2784 calendes
1257 2750 1301 2785 (le
1327 2752 1530 2799 septembre
1548 2752 1628 2787 858.
1658 2753 1751 2798 Voy.
1772 2765 1851 2787 nov.
1878 2751 1973 2786 Gall-

571 2808 720 2852 Christ„
745 2810 790 2853 V,
812 2810 896 2858 698.
