2105 3348
612 275 690 314 324
916 270 1157 309 HISTORIA
1189 270 1604 319 TRANSLATIONIS,
1636 286 1715 311 mc.

611 354 729 414 Quae
753 368 858 397 cum
887 349 970 395 illo
993 347 1366 395 antemeridiano
1391 358 1631 412 tempore,
1661 349 1774 397 hora
1796 351 2012 399 videlicet

609 429 789 493 prandii
808 462 819 483 ,
852 426 1166 490 pervenisset,
1195 434 1242 472 et
1271 426 1553 472 clericorum
1577 428 1815 474 neminem
1839 427 2013 476 ibidem

610 505 883 560 invenisset,
910 531 971 539 --
991 520 1102 548 nam
1125 501 1364 549 reficiendi
1390 519 1524 549 causa
1547 503 1689 567 paulo
1712 514 1820 551 ante
1843 504 2015 552 disces-

606 592 762 629 serant
781 608 840 616 -—
863 590 1019 626 tamen
1052 580 1362 644 introgressa,
1399 579 1542 625 filiam
1570 582 1705 643 juxta
1730 598 1776 628 se
1802 585 1850 626 in
1884 582 2014 644 pavi-

605 670 767 706 mento
811 657 1078 705 collocavit.
1123 658 1223 721 Ipsa
1266 666 1424 703 autem
1466 674 1750 721 perparvum
1791 674 1978 704 cereum
1995 692 2009 714 ,

602 755 743 803 quem
778 755 864 800 pro
897 752 1094 782 munere
1121 733 1354 781 detulerat
1372 770 1386 794 ,
1420 734 1677 781 accendens
1697 770 1710 792 ,
1748 746 1856 782 ante
1885 735 2013 781 illam

602 815 648 861 in
677 812 843 861 codem
877 812 1149 876 pavimento
1185 812 1343 876 posuit
1362 847 1374 868 ,
1412 827 1553 876 seque
1585 810 1641 858 ad
1671 811 1906 858 orandum
1935 829 2013 858 co-

601 909 703 938 ram
729 890 869 937 sacris
893 887 1153 945 cineribus,
1181 906 1291 935 cum
1314 906 1496 935 summa
1519 888 1774 936 devotione
1797 899 2012 953 prostra-

601 970 686 1016 vit.
708 968 815 1028 Quo
833 967 959 1014 facto
973 1002 986 1023 ,
1008 966 1108 1013 sine
1127 965 1220 1011 ulla
1241 966 1519 1030 interposita
1537 983 1670 1014 mora
1686 1001 1699 1022 ,
1724 965 1874 1030 puella
1890 1000 1904 1022 ,
1928 982 2013 1030 per

599 1062 851 1110 supernam
883 1043 1084 1108 gratiam
1116 1042 1331 1089 omnium
1368 1041 1695 1089 membrorum
1732 1042 1930 1088 sanitate
1961 1059 2013 1088 ac

599 1124 822 1170 firmitate
845 1130 1056 1185 recepta,
1084 1130 1234 1167 matre
1254 1136 1354 1167 non
1379 1120 1638 1177 sentiente,
1668 1123 1898 1176 surrexit;
1927 1137 2012 1166 ce-

597 1215 826 1263 reumque
846 1197 927 1262 qui
949 1213 1106 1243 coram
1129 1213 1175 1243 se
1190 1195 1375 1260 jacebat
1393 1195 1607 1252 sustulit,
1627 1213 1679 1242 ac
1699 1205 1808 1259 post
1825 1204 2012 1261 tergum

589 1276 787 1340 jacentis
811 1274 1044 1322 constitit.
1067 1273 1185 1334 Quae
1211 1290 1320 1319 cum
1343 1272 1562 1320 oratione
1586 1273 1847 1337 completa,
1871 1283 2013 1337 caput

595 1353 652 1401 de
674 1352 946 1417 pavimento
969 1350 1191 1408 levasset,
1225 1360 1271 1397 et
1305 1367 1390 1397 nec
1415 1366 1603 1396 cereum
1624 1384 1638 1406 ,
1675 1366 1762 1396 nec
1787 1349 1933 1395 filiam
1961 1350 2010 1395 in

597 1447 652 1478 eo
674 1445 771 1494 quo
794 1437 1018 1492 posuerat
1046 1427 1150 1474 loco
1174 1444 1270 1474 esse
1291 1427 1508 1484 vidisset,
1540 1426 1746 1474 surrexit
1764 1462 1778 1484 ,
1808 1443 2010 1474 conver-

597 1523 736 1571 saque
751 1541 764 1563 ,
791 1505 935 1552 filiam
958 1522 1085 1570 pone
1110 1522 1157 1552 se
1180 1522 1287 1550 cum
1312 1522 1449 1552 cereo
1473 1514 1676 1552 stantem
1691 1540 1705 1563 ,
1731 1505 1884 1552 Deum
1903 1504 2011 1551 lau-

595 1585 710 1631 dans
730 1601 782 1630 ac
805 1581 1102 1640 laetabunda,
1120 1582 1385 1646 conspexit.
1408 1582 1561 1646 Igitur
1578 1599 1688 1628 cum
1707 1581 1897 1628 nullum
1917 1579 1980 1627 ibi
1993 1616 2007 1638 ,

597 1662 671 1709 cui
696 1661 753 1709 de
777 1661 956 1707 virtute
978 1677 1086 1726 quae
1107 1670 1230 1724 gesta
1254 1659 1409 1707 fuerat
1437 1659 1615 1706 referre
1645 1669 1830 1724 posset,
1856 1658 2011 1707 adesse

599 1738 804 1794 videret,
829 1765 888 1773 -—
910 1754 1020 1783 nam
1045 1747 1220 1800 praeter
1239 1753 1488 1801 pauperes,
1515 1737 1596 1801 qui
1622 1736 1797 1783 ibidem
1821 1736 2011 1783 mendi-

597 1815 730 1862 candi
752 1815 899 1879 gratia
918 1812 1216 1861 excubabant
1229 1848 1242 1869 ,
1263 1830 1406 1860 nemo
1425 1813 1550 1859 intra
1568 1813 1768 1861 oratorii
1787 1812 2006 1877 parieteS,

595 1902 787 1955 excepta
811 1907 858 1936 se
881 1907 932 1936 ac
956 1889 1050 1937 filia
1073 1907 1180 1946 sua,
1209 1900 1324 1936 tunc
1350 1900 1477 1946 erat,
1501 1888 1692 1954 quando
1718 1889 1838 1936 illud
1861 1889 2010 1935 mira-

595 1969 759 2016 culum
797 1968 976 2015 factum
1016 1978 1086 2016 est
1118 1996 1181 2004 —
1208 1968 1330 2014 votis
1373 1985 1482 2014 cum
1522 1968 1781 2032 gratiarum
1819 1966 2009 2014 actione

593 2046 787 2101 solutis,
819 2044 1015 2092 domum
1040 2061 1149 2090 cum
1176 2043 1269 2090 filia
1299 2061 1407 2091 sana
1437 2054 1578 2109 atque
1607 2043 1836 2093 incolumi
1865 2059 2008 2106 repe-

595 2122 740 2169 davit.

660 2520 801 2584 Cujus
833 2519 1023 2565 virtutis
1059 2518 1286 2565 indicium
1321 2519 1525 2584 qualiter
1554 2519 1612 2567 ad
1644 2536 1732 2568 nos
1766 2519 2001 2584 perlatum

595 2598 681 2654 sit,
708 2597 867 2661 paucis
890 2596 1150 2660 expediam.
1178 2595 1487 2652 Gcrwardus‚
1516 2596 1672 2660 palatii
1695 2595 2002 2643 bibliotheca-

595 2675 717 2732 rius,
741 2674 815 2720 cui
839 2684 953 2720 tunc
975 2673 1201 2737 temporis
1225 2673 1366 2720 etiam
1393 2673 1708 2738 palatinorum
1726 2691 1927 2738 operum
1947 2690 1998 2717 ac

594 2760 940 2796 structurarum
970 2769 992 2796 a
1030 2766 1137 2814 rege
1170 2767 1278 2796 cura
1306 2750 1551 2796 commissa
1578 2760 1704 2809 erat,
1729 2749 1788 2797 de
1815 2748 1998 2795 Novio-
