2105 3348
635 265 711 302 230
926 263 1164 300 HISTORIA
1196 263 1608 310 TRANSLATIONOE,
1640 277 1718 302 ETc.

629 343 810 389 sextarii
850 357 1117 386 mensuram
1151 340 1349 397 habens,
1392 359 1554 404 capere
1587 358 1717 404 posse
1754 341 2018 389 videbatur.

630 420 728 464 Hoc
747 434 802 464 eo
820 415 963 462 modo
987 415 1163 462 factum
1183 434 1301 472 esse,
1327 418 1422 481 ipse
1448 417 1528 481 qui
1558 416 1604 462 id
1632 434 1737 462 cum
1759 430 2022 465 memorato

629 492 905 557 presbytero
930 492 1219 538 machinatus
1243 503 1311 540 est
1336 495 1535 549 Luniso,
1565 493 1761 556 pedibus
1784 496 1896 540 meis
1918 512 2022 558 pro-

626 570 838 626 volutus,
868 570 1025 617 flendo
1053 581 1243 617 testatus
1266 582 1349 618 est.

685 883 762 927 26.
793 883 918 926 Tum
937 898 1045 944 ego,
1077 882 1142 926 rei
1169 881 1364 927 veritate
1385 890 1625 944 comperta
1645 916 1655 935 ‚
1685 880 1946 926 Ratleicum
1966 899 2017 927 ac

622 958 913 1004 Lunisonem
926 973 982 1003 eo
997 956 1120 1003 unde
1134 968 1358 1002 venerant
1372 957 1523 1003 redire
1533 956 1754 1019 praecepi‘
1771 955 1837 1001 Ac
1853 955 2020 1002 deinde

620 1052 725 1080 cum
752 1033 975 1081 Hildoino
1009 1034 1219 1089 locutus,
1253 1035 1569 1081 conventione
1605 1035 1728 1081 inter
1754 1051 1839 1081 nos
1868 1033 2016 1090 facta,

618 1110 807 1173 quando
834 1127 974 1156 sacrae
997 1109 1110 1155 mihi
1135 1109 1347 1174 reliquiae
1375 1109 1710 1168 redderentur,
1733 1109 1851 1158 duos
1878 1110 2019 1156 cleri-

618 1204 696 1233 cos
720 1187 777 1233 de
811 1186 954 1233 domo
986 1197 1170 1243 nostra,
1197 1187 1475 1232 Hiltsridum
1501 1186 1717 1233 videlicet
1747 1203 1798 1232 ac
1822 1186 2016 1232 Filima—

615 1281 723 1309 rum
736 1264 923 1309 —alter
936 1262 1199 1328 presbyter,
1220 1263 1337 1309 alter
1353 1262 1664 1310 subdiaconus
1682 1275 1780 1309 erat
1795 1291 1851 1298 —
1865 1263 1921 1309 ad
1938 1281 2017 1309 re-

615 1339 847 1404 cipiendas
858 1358 930 1387 eas
942 1341 1198 1405 Augustam
1213 1341 1515 1387 Suessionum
1533 1358 1725 1405 pergere
1737 1341 1849 1404 jussi
1869 1361 1878 1385 :
1901 1342 2015 1386 mit-

615 1430 715 1466 tens
741 1437 822 1482 per
854 1419 1040 1467 eosdem
1063 1418 1119 1464 ad
1156 1418 1336 1475 locum,
1377 1419 1433 1465 de
1471 1436 1569 1483 quo
1602 1419 1775 1465 eaedem
1803 1418 2016 1481 reliquiae

612 1496 878 1543 auferendae
905 1507 1066 1551 erant,
1110 1495 1451 1543 benedictionis
1478 1496 1626 1560 gratia
1643 1531 1654 1551 ,
1695 1513 1915 1542 nummos
1940 1513 2016 1540 au-

613 1592 717 1622 reos
737 1591 938 1621 numero
955 1583 1162 1620 centum.
1186 1573 1278 1633 Qui
1304 1571 1382 1618 ubi
1409 1572 1465 1619 ad
1490 1573 1831 1620 monasterium
1853 1573 1901 1618 S.
1924 1573 2017 1619 Me-

611 1651 741 1698 dardi
769 1653 817 1698 in
836 1651 910 1697 die
932 1651 1198 1696 Palmarum
1217 1650 1476 1706 venissent,
1500 1668 1582 1713 per
1602 1649 1812 1695 triduum
1835 1647 1899 1694 ibi
1915 1666 2016 1696 mo-

611 1731 700 1774 rati
715 1738 825 1774 sunt
846 1748 854 1773 :
877 1738 923 1774 et
942 1737 1133 1791 recepto
1155 1726 1262 1783 illo,
1286 1737 1481 1790 propter
1496 1743 1637 1789 quem
1658 1727 1782 1771 missi
1805 1725 2011 1781 fuerant,

610 1803 967 1868 incomparabili
994 1804 1235 1860 thesauro,
1265 1802 1604 1849 comitantibus
1637 1820 1793 1849 secum
1831 1800 2014 1848 duobus

609 1899 663 1928 ex
700 1880 863 1928 eodem
912 1881 1200 1926 monasterio
1241 1879 1496 1937 fratribus,
1543 1891 1717 1945 quanta
1756 1890 2015 1942 potuerunt

608 1957 868 2012 celeritate,
903 1955 960 2001 ad
989 1956 1215 2020 palatium
1239 1957 1411 2002 reversi
1444 1966 1580 2011 sunt3
1611 1956 1833 2020 reliquias
1859 1966 2012 2001 tamen

606 2051 704 2080 non
717 2033 831 2080 mihi
846 2069 859 2089 ,
876 2032 954 2080 sed
968 2033 1196 2081 Hildoino
1212 2034 1504 2081 detulerunt.
1524 2032 1648 2092 Quas
1666 2032 1742 2078 ille
1760 2032 2008 2097 recipiens,

606 2112 655 2157 in
681 2112 894 2159 oratorio
933 2110 1101 2157 domus
1138 2129 1234 2157 suae
1261 2110 1376 2158 feeit
1413 2110 1665 2165 custodiri,
1706 2127 1850 2173 usque
1876 2108 2008 2167 dum,

605 2187 848 2233 transactis
866 2187 1096 2233 Paschalis
1119 2188 1224 2234 festi
1244 2187 1653 2251 occupationibus,
1669 2204 1867 2232 vacuum
1889 2197 2012 2233 tem-

605 2281 692 2327 pus
732 2262 946 2319 haberet,
987 2281 1086 2328 quo
1124 2265 1237 2310 mihi
1282 2263 1352 2320 id,
1392 2264 1520 2329 quod
1560 2263 1854 2310 reddendum
1887 2273 2008 2317 erat,

604 2341 878 2404 priusquam
903 2338 1141 2397 redderet,
1171 2341 1420 2388 ostendere
1442 2341 1687 2405 potuisset.
1719 2340 2010 2403 Completis-

603 2435 694 2483 que
713 2428 822 2481 post
844 2428 1056 2464 sanctum
1081 2419 1249 2466 Pascha
1276 2430 1386 2467 octo
1410 2419 1480 2466 vel
1505 2435 1560 2466 eo
1586 2419 1786 2483 amplius
1812 2417 2003 2473 diebus,

603 2511 710 2540 cum
744 2511 823 2540 rex
861 2494 1058 2540 *venandi
1091 2498 1238 2560 gratia
1273 2497 1329 2543 de
1368 2497 1541 2560 palatio
1578 2496 1738 2542 fuisset
1774 2512 2005 2559 egressus,

606 2570 856 2618 Hildoinus
877 2606 888 2626 ‚
929 2573 1187 2618 secundum
1229 2575 1357 2637 quod
1402 2575 1526 2620 inter
1565 2591 1652 2620 nos
1691 2582 1976 2620 convenerat
1993 2606 2004 2626 ‚

601 2649 870 2695 memoratis
905 2649 1115 2713 reliquiis
1150 2651 1205 2696 de
1243 2652 1452 2698 oratorio
1487 2667 1597 2706 suo,
1634 2650 1713 2696 ubi
1754 2648 2008 2697 servaban-

601 2736 706 2781 tur,
740 2723 931 2772 sublatis
961 2738 1101 2790 atquc
1124 2726 1322 2774 basilicae
1357 2729 1402 2774 S.
1439 2729 1520 2775 Dei
1549 2727 1800 2775 Genitricis
1833 2726 1999 2781 illatis,
