2105 3348
570 270 624 305 92
995 258 1250 297 EINHARDI
1281 257 1555 296 EPISTOLAE.

574 342 822 408 [basilicae]
841 341 913 403 (1)
940 338 1190 384 beatorum
1208 336 1385 383 Christi
1403 347 1688 401 martyrum,
1712 337 1980 383 Marcellini

574 434 621 469 et
651 420 803 477 Petri,
838 428 1154 481 patronorum
1190 425 1476 462 vestrorum.
1511 413 1599 460 Sed
1636 414 1729 471 illi,
1773 425 1826 460 ut
1864 414 1981 460 mihi

573 497 758 543 videtur
781 495 866 556 (2),
902 492 1018 538 nihil
1047 492 1104 539 de
1136 492 1219 540 illo
1248 510 1390 557 opere
1414 491 1590 551 fac[ere
1613 491 1980 555 dignabuntur]

574 573 660 619 nisi
677 571 825 635 jussio
846 569 1111 616 clementiae
1130 580 1298 616 vestrae
1318 568 1372 614 ad
1389 586 1468 615 eos
1485 568 1658 622 veniat,
1671 577 1726 613 ut
1744 568 1807 614 eis
1827 567 1984 614 denuo

572 647 817 714 praecipiat
864 657 943 702 ut,
987 646 1246 693 secundum
1290 646 1651 711 dispositionem
1701 644 1881 693 domini
1940 656 1986 691 et

571 724 802 790 genitoris
843 723 1014 781 vestri,
1064 740 1151 770 nos
1193 724 1416 788 adjuvent
1458 724 1508 769 in
1551 741 1693 787 opere
1732 721 1982 786 praedicto.

572 803 876 866 Quapropter
899 810 952 846 ut
983 800 1117 847 vobis
1146 818 1328 847 causam
1354 802 1607 848 memorati
1640 801 1796 864 operis
1822 809 1987 846 notam

570 878 800 936 facerem,
853 876 931 924 has
973 895 1091 925 meae
1127 878 1370 942 parvitatis
1416 878 1773 942 supplicatorias
1810 877 1989 923 litteras

570 967 740 1003 vestrae
763 956 830 1019 (ὅ)
851 954 1170 1021 magnitudini
1199 956 1391 1002 mittere
1418 956 1602 1012 curavi,
1626 973 1711 1020 per
1735 972 1850 1020 quas
1870 971 1990 1018 rogo

571 1046 618 1082 et
653 1034 898 1081 humiliter
933 1046 1043 1098 peto
1079 1046 1158 1092 ut,
1198 1045 1399 1099 propter
1431 1051 1643 1081 amorem
1672 1045 1719 1081 et
1756 1033 1990 1080 honorem

571 1114 746 1161 Christi
785 1115 1088 1178 Martyrum,
1130 1122 1449 1178 patronorum
1488 1123 1784 1169 vestrorum,
1829 1128 1992 1156 curam

572 1190 746 1239 habere
768 1191 1030 1257 dignemini
1059 1191 1116 1238 de
1149 1191 1509 1238 constructione
1538 1190 1745 1237 basilicae
1775 1189 1988 1246 illorum,

570 1278 643 1324 ut,
674 1286 760 1332 per
782 1280 992 1315 vestrum
1012 1267 1321 1332 adjutorium,
1355 1269 1445 1315 hoc
1470 1268 1764 1333 perficiatur,
1798 1277 1845 1314 et
1874 1265 1993 1312 detis

571 1345 712 1393 nobis
740 1346 793 1392 ad
822 1357 1109 1394 memoratos
1134 1347 1380 1411 episcopos
1409 1364 1587 1393 sacram
1601 1345 1863 1410 jussionem
1887 1360 1994 1389 ves-

572 1434 695 1470 tram
731 1442 817 1489 per
851 1424 1031 1472 litteras
1068 1425 1420 1489 gloriosissimae
1458 1424 1753 1470 auctoritatis
1793 1431 1990 1477 vestrae,

572 1520 687 1567 quas
705 1513 1013 1549 contemnere
1029 1503 1102 1566 (4)
1122 1520 1222 1549 non
1239 1502 1440 1548 audeant
1459 1522 1468 1547 ε
1488 1513 1534 1548 et
1550 1502 1659 1548 inde
1680 1500 1814 1548 vobis
1833 1516 1993 1546 coram

571 1582 671 1627 Deo
704 1597 886 1627 merces
924 1590 1181 1640 accrescat,
1217 1589 1263 1627 et
1298 1579 1424 1627 beati
1463 1580 1700 1644 Martyres
1736 1595 1825 1643 pro
1860 1576 1994 1624 vobis

572 1657 887 1714 intercedant,
910 1668 964 1703 ut
989 1675 1192 1723 regnum
1218 1668 1431 1705 vestrum
1451 1676 1635 1722 semper
1659 1666 1886 1721 augeatur
1915 1666 1992 1700 at-

571 1752 664 1799 que
687 1734 922 1792 firmetur,
948 1746 994 1782 et
1014 1746 1172 1781 tutum
1191 1753 1243 1781 ac
1263 1735 1511 1782 defensum
1531 1745 1718 1781 maneat
1735 1733 1793 1780 ab
1813 1732 1993 1779 insidiis

572 1821 714 1875 atque
739 1812 1040 1859 infestatione
1067 1813 1139 1876 (5)
1167 1812 1490 1877 malignorum
1514 1812 1789 1876 spirituum,
1816 1821 1863 1858 et
1888 1828 1994 1876 ma-

573 1888 840 1936 levolorum
872 1888 1143 1935 hominum.
1167 1890 1294 1954 Opto
1321 1899 1368 1936 et
1401 1907 1491 1937 oro
1513 1900 1567 1935 ut
1591 1888 1713 1937 bene
1739 1887 1887 1935 valeat
1912 1887 1993 1934 do-

573 1965 731 2012 minus
751 1983 885 2013 meus
909 1984 1017 2024 rex,
1040 1976 1087 2013 et
1103 1967 1230 2013 vivat
1255 1968 1305 2013 in
1329 1977 1585 2015 aeternum.

622 2178 675 2225 (1)
701 2178 780 2213 Hoc
792 2179 962 2224 verbum,
985 2180 1087 2216 nullo
1104 2194 1216 2217 vacuo
1237 2183 1372 2230 spatio,
1391 2181 1429 2216 in
1449 2180 1574 2217 codice
1592 2179 1833 2215 desideratur.

622 2248 672 2293 (9)
699 2246 790 2282 Cod.
811 2248 980 2283 violetur.

622 2313 674 2361 (5)
702 2314 793 2350 Cod.
816 2322 974 2350 vestras.

623 2381 675 2428 (4)
702 2381 793 2417 Cod.
815 2389 895 2417 aut-
913 2389 1081 2418 temnere.

623 2449 675 2495 (5)
701 2449 792 2484 Cod.
816 2449 1102 2496 irgfestinatione.
