2105 3348
594 275 668 311 125
1016 265 1270 304 EINHARm
1303 263 1576 303 EPisTOLAE.

591 352 751 400 omnia
796 358 965 395 vastata
1014 356 1175 402 erant,
1219 355 1410 409 excepta
1451 346 1676 410 [tantum]
1717 347 2004 395 dominicata

591 429 792 485 decima⁷
820 442 962 489 quam
986 440 1043 469 ex
1065 432 1224 469 vestro
1246 421 1394 469 verbo
1427 423 1592 470 salvari
1617 426 1871 490 praecepit,
1899 443 2006 490 quae

592 517 752 552 utrum
788 503 857 566 (ι)
898 501 1094 564 [vendi]
1135 499 1302 546 debeat
1332 518 1391 546 an
1425 518 1551 558 non,
1590 520 1612 547 a
1642 502 1781 550 nobis
1817 504 2007 566 penitus

593 585 855 646 ignoratur.
886 580 997 624 Haec
1033 577 1136 624 ideo
1166 588 1333 624 vestrae
1361 577 1641 626 sublimitati
1677 581 2002 645 exposuimus,

591 669 643 703 ut
661 667 809 704 vestra
829 654 1059 703 celsitudo
1084 655 1260 719 cogitet
1282 665 1329 702 et
1354 666 1544 714 statuat,
1567 656 1811 722 quomodo
1830 668 2007 704 restau-

590 736 682 781 rari
719 734 865 798 possit
897 753 906 779 :
945 744 992 779 et
1029 750 1087 779 ne
1120 733 1387 795 periculum
1423 735 1618 799 alicujus
1656 735 1932 800 proveniat,
1969 736 2006 782 si

590 811 757 860 domus
783 812 881 857 Deo
908 809 1055 855 dicata
1083 809 1350 874 negligatur
1371 823 1417 858 et
1441 811 1731 859 adnulletur.
1762 811 2008 877 Quidquid

590 905 703 953 ergo
726 898 892 934 vestrae
922 885 1213 933 excellentiae
1241 888 1409 936 exinde
1434 889 1653 947 libuerit,
1688 907 1772 953 per
1797 899 2008 936 vestrum

589 967 783 1012 missum
799 975 976 1012 nostrae
992 963 1255 1012 modicitati
1273 966 1514 1014 insinuare
1528 967 1769 1032 dignetur.
1791 966 2009 1014 Vestram

591 1043 926 1090 sublimitatem
951 1041 1141 1089 diutino
1170 1053 1385 1108 tempore
1411 1044 1627 1091 Christus
1652 1054 1894 1110 protegat,
1923 1062 2010 1107 pa-

590 1123 799 1186 riterque
818 1120 873 1167 ad
897 1120 1044 1167 vitam
1066 1132 1296 1169 aeternam
1318 1122 1566 1187 perducat.
1593 1124 1762 1170 Amen.

1022 1279 1130 1318 LXX
1151 1284 1205 1330 (2)
1235 1282 1301 1319 AD
1333 1280 1579 1318 EUMDEM.

1059 1387 1102 1421 In
1120 1387 1336 1422 eorumdem
1354 1399 1520 1434 persona.

652 1497 864 1553 Praevio,
898 1497 1072 1560 insigni
1104 1507 1246 1561 atque
1272 1497 1471 1561 egregiae
1501 1496 1769 1545 nobilitatis
1791 1496 1897 1543 viro
1925 1496 2006 1552 ΝΕ,

588 1575 673 1621 W.
712 1585 758 1621 et
797 1574 879 1631 G„
917 1584 1086 1621 vestrae
1128 1572 1411 1620 sublimitati
1446 1592 1532 1638 per
1571 1574 1731 1622 omnia
1767 1572 1926 1621 devoti
1965 1585 2012 1620 et

587 1651 761 1708 dediti,
788 1650 922 1698 fidele
947 1651 996 1697 in
1022 1650 1247 1698 omnibus
1275 1650 1560 1716 obsequium
1589 1661 1732 1716 atque
1764 1651 2011 1698 servitium

590 1729 1162 1793 optamus.——Quoniam
1197 1729 1464 1776 sublimitas
1501 1730 1692 1794 [vestra]
1724 1730 1798 1794 (3)
1831 1739 2010 1776 nostrae

588 1806 852 1852 modicitati
885 1806 1077 1871 aliquod
1111 1807 1361 1854 servitium
1399 1808 1647 1872 injungere
1680 1807 1862 1864 voluit,
1900 1808 2011 1872 quia

589 1883 714 1931 idem
735 1883 792 1929 ad
815 1883 1035 1930 effectum
1059 1883 1277 1931 nondum
1296 1884 1452 1940 venit,
1481 1901 1668 1931 causam
1691 1895 1860 1931 vestrae
1885 1884 2012 1931 celsi-

589 1962 744 2008 tudini
761 1962 1121 2009 innotescimus.
1138 1962 1350 2010 Clericus
1361 1962 1525 2009 fratris
1539 1963 1683 2010 vestri
1695 1963 1922 2027 A.‚quem
1937 1962 2010 2025 (4)

589 2050 747 2087 vestro
764 2042 895 2104 jussu
922 2041 1212 2087 conservitio
1233 2041 1378 2105 ipsius
1396 2040 1455 2087 A.
1479 2041 1794 2105 suscepimus,
1816 2038 2010 2086 indicu-

591 2117 709 2173 lum,
733 2135 874 2181 quem
897 2129 1076 2166 nostrae
1097 2119 1320 2182 parvitati
1345 2119 1563 2174 misistis,
1597 2135 1757 2166 secum
1783 2117 2006 2173 abstulit,

592 2205 646 2240 ut
679 2196 1028 2243 excusationem
1058 2208 1217 2244 vestro
1245 2196 1382 2243 fratri
1407 2215 1465 2244 ex
1491 2208 1652 2244 nostra
1679 2207 1812 2261 parte
1835 2196 2012 2244 faceret

592 2272 746 2337 quod,
773 2291 860 2337 pro
882 2285 1040 2323 vestro
1065 2275 1278 2331 servitio,
1302 2293 1421 2340 opus
1442 2276 1649 2339 ejusdem
1675 2274 2010 2339 imperfectum

593 2363 858 2398 remaneret
880 2372 890 2397 :
923 2363 969 2399 et
1000 2354 1045 2399 in
1078 2354 1179 2418 ipso
1210 2354 1423 2400 indiculo
1448 2372 1711 2410 mensurae,
1734 2371 1848 2418 quas
1870 2352 2010 2400 nobis

639 2579 690 2624 (1)
712 2578 775 2612 11ae
792 2577 870 2611 duae
887 2590 990 2612 voces
1008 2592 1027 2613 a
1046 2581 1209 2626 pristinis
1227 2581 1434 2617 editoribus
1451 2583 1589 2617 omissae
1605 2588 1703 2616 sunt.

639 2637 689 2681 (2)
717 2648 769 2671 in
792 2636 829 2670 in
847 2636 934 2671 edit.

637 2693 686 2740 (5)
711 2696 794 2730 Haec
813 2708 898 2738 vox,
919 2696 1020 2732 nullo
1038 2709 1152 2732 vacuo
1171 2700 1306 2745 spatio,
1328 2701 1365 2735 in
1386 2701 1511 2736 codice
1529 2700 1759 2736 desideratur

642 2755 689 2798 34)
715 2755 803 2792 Cod.
823 2768 917 2800 quse.
