2105 3348
616 301 692 341 154
765 300 828 337 AD
860 293 1113 335 EINHARDI
1147 290 1414 328 EPISTOLAS
1444 288 1702 328 APPENDIX
1734 290 1899 329 PRIOR.

618 392 760 420 amore
773 408 783 427 ,
805 390 890 415 non
912 371 1083 414 erubuit
1102 369 1146 410 in
1170 383 1272 410 nece
1290 383 1383 410 mea
1402 382 1497 409 suas
1514 369 1803 411 contaminare
1822 369 1992 426 sagittas
2011 403 2020 419 ,

617 463 658 495 ct
680 451 817 494 saltim
849 448 900 490 de
929 456 1046 505 parte
1068 461 1178 497 mea,
1204 445 1246 486 in
1277 445 1388 502 regis
1406 445 1645 503 praesentia‚
1672 445 1798 488 verba
1817 462 1902 488 non
1923 461 2020 487 vera

618 531 794 588 jactare.
807 524 889 567 Sed
908 523 980 566 ille
997 523 1071 581 qui
1094 520 1538 580 iniquiAchitophelis
1556 522 1620 577 (1)
1634 521 1688 563 ad
1703 522 1886 565 nihilum
1905 522 2025 565 rede-

620 607 682 664 git
708 602 933 646 consilium
947 635 958 654 ,
981 600 1119 643 voluit
1140 609 1181 642 et
1199 599 1292 657 ejus
1313 600 1452 642 subito
1474 608 1694 641 conterere
1713 601 1962 658 nequitiam,
1987 610 2027 642 et

619 683 798 740 gratiam
812 679 978 722 domini
991 679 1092 731 mei,
1107 678 1246 737 potius
1262 688 1309 721 ut
1320 677 1476 736 dignus
1492 678 1689 729 inessem⁷
1701 678 1808 719 mihi
1820 678 2032 735 benignus

622 759 845 803 concessit.
881 758 1028 801 Habeo
1058 757 1173 799 enim
1204 772 1283 814 ego
1315 755 1507 798 servulus
1535 766 1671 798 vester
1699 755 1951 815 dispositum
1987 767 2034 798 ut

622 838 798 879 missum
810 852 971 889 meum,
990 851 1119 894 quam
1141 835 1265 876 citius
1282 850 1379 877 cum
1402 845 1599 893 potuero⁷
1619 835 1662 876 in
1686 845 1824 877 vestro
1845 834 2032 892 dirigam

622 915 811 968 servitio,
836 913 996 956 scilicet
1016 928 1132 955 nunc
1149 911 1200 954 de
1218 922 1438 971 praesente⁷
1459 928 1536 971 pro
1555 911 1869 955 benedictionis
1888 927 2032 959 causa,

623 1007 699 1050 per
720 991 842 1033 illum
865 990 1007 1048 dirigo
1032 989 1154 1033 vobis
1178 989 1434 1032 munuscula
1460 1006 1613 1048 parva,
1637 1005 1723 1032 non
1744 999 1882 1032 tamen
1903 1005 2035 1048 parvo

621 1067 853 1111 voluntatis
872 1066 1053 1119 affectu,
1089 1066 1134 1109 id
1154 1076 1213 1110 est
1240 1067 1411 1109 cusinos
1435 1084 1495 1120 113
1522 1066 1696 1125 p[recor
1715 1067 1783 1125 ut]
1816 1083 1888 1108 eos
1917 1065 2036 1108 vultu

623 1144 889 1187 serenissimo
906 1142 1114 1202 respicere
1132 1142 1331 1201 dignetis.
1348 1142 1616 1185 Commendo
1634 1159 1701 1185 me
1721 1158 1953 1200 omnesque
1972 1158 2038 1184 res

624 1222 758 1264 sancti
781 1221 902 1264 Illius
924 1237 972 1263 ac
993 1230 1158 1264 nostras
1182 1230 1223 1264 et
1240 1230 1497 1263 cunctorum
1506 1251 1812 1263 .......
1847 1219 2039 1261 rentibus

623 1299 798 1351 nostris,
827 1298 1004 1341 servulis
1019 1299 1190 1351 vestris,
1217 1297 1296 1341 sub
1318 1297 1568 1340 defensione
1590 1296 1755 1339 alarum
1778 1306 2013 1339 vestrarum
2028 1330 2037 1347 ‚

624 1375 768 1418 multis
784 1375 968 1419 'feliciter
983 1377 1123 1418 annis.
1136 1375 1295 1435 Quaeso
1311 1375 1581 1418 devotissime
1599 1375 1816 1418 serenitati
1833 1384 1979 1417 vestrae
1996 1384 2043 1416 ut

624 1451 848 1496 confestim
864 1486 876 1506 ,
916 1468 1014 1495 cum
1052 1453 1169 1496 hunc
1208 1453 1463 1496 recensitum
1498 1451 1733 1494 habueritis
1772 1450 2012 1494 indiculum
2030 1485 2040 1503 ,

624 1529 716 1588 igni
742 1529 794 1572 ad
820 1530 1115 1573 devorandum
1125 1563 1479 1574 ........
1517 1529 1693 1572 tradatis
1718 1530 1798 1586 (2).

669 1723 719 1768 (1)
747 1723 838 1758 Cod.
860 1723 1094 1760 Achz'toselc's.

669 1787 720 1830 (2)
746 1787 840 1822 Cod.
863 1787 1070 1823 trademini.
