2105 3348
580 329 657 365 358
877 323 1121 362 HISTORIA
1151 322 1573 371 TRANSLATIONIS,
1606 338 1689 363 mc.

581 404 770 451 molaris
798 403 874 448 illa
895 402 1158 451 commotio
1175 401 1418 448 subitanea
1439 402 1603 466 quiete
1622 403 1774 466 sopita
1799 415 1885 452 est.
1908 406 1996 452 Hic

581 482 726 528 homo
750 480 807 527 de
829 480 1121 527 monasterio
1141 480 1398 526 Scotorum
1412 515 1426 536 ,
1453 479 1583 544 quod
1606 482 1761 527 Fossae
1780 493 1994 539 vocatur,

579 576 624 604 se
649 559 854 616 venisse,
883 557 1209 622 Dothiumque
1233 556 1458 620 appellari
1482 556 1687 604 dicebat.

643 949 722 993 87.
761 947 815 991 ln
855 946 1012 1011 vigilia
1052 946 1102 992 S.
1138 947 1336 993 Joannis
1372 946 1630 1010 Baptistae,
1668 963 1777 1011 quae
1815 956 1885 993 est
1924 946 2000 993 die

576 1042 709 1071 nono
734 1023 1042 1070 kalendarum
1060 1024 1320 1089 juliarum,
1340 1024 1472 1071 venit
1494 1023 1689 1090 quidam
1713 1025 1786 1070 vir
1811 1025 1998 1088 Trajec-

578 1113 681 1148 tum
708 1102 764 1147 ad
795 1099 1036 1147 basilicam
1065 1102 1114 1148 S.
1147 1102 1375 1159 Servatii,
1405 1102 1487 1166 qui
1513 1119 1560 1149 se
1578 1101 1637 1149 de
1662 1102 1852 1148 civitate
1876 1103 2000 1149 Tor-

574 1196 694 1226 naeo
717 1196 813 1226 esse
840 1177 1101 1226 fatebatur.
1130 1180 1190 1236 Is,
1217 1189 1272 1225 ut
1298 1179 1394 1242 ipse
1419 1178 1601 1234 aiebat,
1642 1178 1735 1224 fuit
1762 1179 1821 1224 ab
1842 1179 1999 1225 infan-

575 1256 636 1301 tia
665 1255 833 1301 surdus
858 1266 905 1301 et
948 1266 1109 1302 mutus
1138 1275 1148 1301 ε
1180 1255 1448 1319 ductusque
1473 1272 1498 1301 a
1527 1255 1622 1301 suis
1651 1255 1709 1301 ad
1741 1256 1790 1301 S.
1831 1254 2002 1302 Sebas-

574 1334 786 1391 tianum,
813 1334 965 1398 coepit
984 1332 1050 1380 ibi
1072 1344 1119 1381 et
1139 1334 1304 1381 audire
1322 1344 1369 1380 et
1391 1333 1545 1398 loqui,
1572 1332 1655 1381 sed
1676 1334 1998 1390 inefficaciter,

576 1411 807 1476 quoniam
827 1410 970 1458 verba
993 1413 1091 1475 ejus
1117 1412 1198 1458 vix
1223 1410 1616 1476 intelligebantur
1626 1429 1639 1468 ;
1667 1410 1765 1475 ipse
1787 1428 1999 1476 quoque,

575 1507 687 1536 cum
710 1490 788 1536 alii
818 1489 876 1536 ad
900 1507 1012 1536 eum
1035 1490 1370 1555 loquerentur,
1408 1489 1693 1537 tenuitatem
1717 1489 1906 1536 auditus
1930 1489 2000 1535 sui

573 1567 871 1614 dissimulare
896 1584 999 1614 non
1021 1578 1228 1632 poterat.
1253 1567 1347 1627 Qui
1372 1566 1454 1613 ubi
1480 1567 1537 1613 ad
1569 1567 1864 1614 matutinum
1894 1567 2003 1614 offi-

575 1645 704 1691 cium
752 1645 886 1691 venit
918 1679 931 1699 ,
977 1662 1140 1692 coram
1178 1645 1319 1691 sacris
1358 1644 1572 1708 reliquiis
1626 1643 1952 1708 procumbens
1985 1680 1999 1701 ,

576 1722 890 1770 obdormivit.
930 1723 1028 1770 Nec
1051 1722 1209 1770 multo
1243 1732 1378 1787 post,
1413 1723 1544 1770 velut
1572 1722 1734 1787 aliquo
1765 1727 2002 1770 excitante

577 1799 804 1864 evigilans
819 1834 833 1856 ,
856 1800 939 1864 qui
959 1817 1012 1848 os
1033 1817 1173 1846 suum
1199 1817 1364 1866 pugno
1385 1800 1688 1864 percussisset
1703 1836 1717 1859 ,
1748 1818 1770 1846 a
1797 1801 2002 1846 circum-

578 1875 813 1923 stantibus
836 1878 1136 1942 perquisivit.
1171 1878 1256 1925 Cui
1285 1895 1395 1924 cum
1419 1895 1616 1938 omneS,
1641 1878 1886 1925 neminem
1911 1878 2003 1926 hoc

578 1955 764 2013 secisse,
787 1956 1171 2020 respondissent,
1192 1957 1401 2005 surrexit
1420 1977 1430 2003 :
1453 1956 1711 2022 eademque
1728 1956 1844 2004 hora
1863 1975 2002 2003 sanus

578 2031 728 2078 sactus
745 2067 758 2090 ,
784 2032 1021 2097 perfecte,
1040 2035 1142 2082 sine
1163 2035 1266 2083 ullo
1291 2034 1664 2098 impedimento,
1688 2045 1736 2082 et
1757 2034 1938 2082 audivit
1955 2044 2002 2082 et

580 2109 768 2156 locutus
792 2120 878 2157 est.

650 2424 729 2469 88.
771 2419 946 2483 Eadem
964 2419 1062 2477 die,
1083 2420 1199 2466 dum
1216 2437 1341 2466 sacra
1369 2420 1616 2466 missarum
1635 2419 1864 2466 solemnia
1887 2419 2002 2466 cele-

585 2499 818 2554 brantur,
857 2496 1033 2544 femina
1068 2496 1310 2561 quaedam,
1351 2502 1546 2543 nomine
1578 2495 1855 2553 Adallinda,
1883 2496 2004 2542 duos

586 2594 744 2624 cereos
775 2575 832 2622 ad
855 2576 1016 2622 lumen
1041 2575 1090 2621 in
1115 2575 1304 2622 ecclesia
1331 2574 1602 2622 faciendum
1634 2574 1807 2621 detulit
1843 2593 1854 2620 ε
1886 2589 2005 2638 quo-

586 2674 696 2702 rum
728 2672 883 2701 unum
915 2654 1078 2701 dextra
1113 2671 1259 2700 manu
1295 2654 1480 2700 cuidam
1516 2672 1573 2701 ex
1608 2652 1909 2710 custodibus,
1948 2661 2002 2697 ut

585 2732 941 2789 accenderetur,
974 2732 1208 2795 porrexit;
1242 2732 1388 2778 alium
1422 2742 1579 2779 autem
1618 2732 1838 2788 interim,
1869 2728 1998 2795 quasi

585 2810 640 2857 dc
665 2810 747 2857 illo
777 2819 934 2873 postea
959 2808 1325 2855 illuminandum
1342 2845 1354 2865 ,
1379 2826 1524 2855 manu
1557 2808 1744 2854 sinistra
1776 2806 1993 2855 retinuit.
