2105 3348
573 284 626 322 30
1002 280 1258 320 EINHARDI
1291 280 1562 320 EPISTOLAE.

573 359 780 408 Proinde
817 374 1038 423 rogamus
1071 357 1377 406 dilectionem
1400 368 1530 404 tuam
1560 369 1639 415 ut,
1677 360 1724 405 in
1757 372 1991 426 quantum

574 436 796 503 possibile
818 446 913 492 est,
945 436 986 482 ei
1012 453 1204 500 parcere
1225 435 1433 501 digneris
1459 445 1657 500 propter
1675 454 1886 486 amorem
1907 439 1991 487 Dei

574 527 622 563 et
651 525 927 561 sanctorum
959 515 1085 577 ejus,
1119 512 1176 560 ad
1208 531 1417 578 quorum
1448 513 1613 560 limina
1650 515 1987 580 confugerunt.

574 593 702 655 Opto
726 601 778 636 ut
802 607 987 655 semper
1011 589 1133 638 bene
1155 590 1305 637 valeas
1332 591 1378 637 in
1405 591 1631 637 Domino.

594 823 706 862 XIX.
741 824 793 862 IN
827 823 1053 863 PERSONA
1083 823 1403 862 HLUDOWICI
1435 825 1806 870 IMPERATORIS,
1840 825 1904 862 AD
1935 827 1981 862 (j.

1159 891 1416 931 COMITEM.

644 999 697 1044 ln
731 999 930 1045 nomine
957 998 1152 1045 Domini
1180 999 1264 1045 Dei
1292 1009 1339 1046 et
1370 998 1625 1046 Salvatoris
1663 1001 1814 1047 nostri
1853 999 1996 1047 Jeshu

576 1075 772 1132 Christi,
790 1075 1118 1133 Hludowicus,
1135 1076 1293 1123 diviua
1309 1075 1562 1124 ordinante
1578 1077 1895 1141 providentia,
1913 1078 1998 1123 im-

577 1163 771 1218 perator
787 1163 1027 1219 augustuS‚
1045 1153 1106 1200 G.
1128 1154 1310 1201 comiti.
1323 1183 1384 1190 —
1399 1154 1581 1201 Notum
1597 1156 1657 1201 sit
1676 1155 1762 1201 tibi
1782 1156 1912 1220 quod
1924 1157 1994 1219 (1)

578 1231 798 1279 volumus
817 1241 895 1287 ut,
916 1229 1109 1296 quando
1126 1230 1227 1278 haec
1246 1231 1443 1295 epistola
1463 1243 1627 1278 nostra
1645 1232 1702 1279 ad
1722 1242 1767 1280 te
1786 1233 1993 1290 venerit,

577 1311 737 1356 statim
763 1309 862 1356 sine
885 1309 981 1355 ulla
1003 1308 1251 1367 dilatione,
1283 1327 1517 1373 praepares
1549 1319 1595 1356 te
1618 1309 1675 1356 ad
1706 1309 1797 1358 hoc
1827 1322 1905 1367 ut,
1933 1327 1996 1357 xv

578 1386 670 1432 kal.
693 1385 922 1449 januarii,
967 1384 1014 1431 id
1043 1395 1114 1432 est
1143 1402 1194 1432 Vl
1230 1384 1395 1433 diebus
1428 1396 1539 1433 ante
1570 1386 1735 1434 Natale
1769 1387 1994 1443 Domini,

579 1460 770 1510 obviam
806 1462 952 1509 misso
980 1471 1150 1510 nostro
1183 1462 1244 1509 H.
1281 1462 1439 1509 venias
1472 1463 1521 1508 in
1556 1462 1665 1509 villa
1700 1472 1862 1510 nostra
1890 1480 1999 1529 quae

579 1540 757 1587 dicitur
782 1538 1162 1588 Heilambrunno
1184 1559 1195 1586 :
1220 1549 1268 1587 et
1297 1540 1527 1605 quicquid
1557 1541 1635 1588 ille
1658 1539 1744 1587 tibi
1770 1540 1827 1588 de
1851 1540 1999 1588 verbo

579 1625 768 1673 nostro,
795 1616 937 1662 simul
956 1633 1066 1663 cum
1086 1616 1188 1663 aliis
1209 1615 1466 1664 comitibus
1487 1627 1534 1663 et
1554 1616 1771 1664 fidelibus
1796 1617 1995 1673 nostris,

580 1693 639 1740 ad
678 1693 950 1741 faciendum
985 1694 1274 1759 injunxerit,
1314 1693 1468 1742 facere
1506 1693 1690 1741 studeas
1705 1731 1718 1753 ,
1758 1706 1804 1742 et
1845 1694 2000 1742 taliter

582 1770 752 1819 exinde
777 1789 904 1836 agas,
926 1771 1132 1837 qualiter
1156 1772 1205 1819 in
1231 1781 1308 1818 tua
1333 1771 1556 1819 fidelitate
1579 1770 1756 1819 bonam
1773 1771 1999 1821 habemus

582 1848 820 1897 fiduciam.
846 1842 972 1897 Bene
996 1850 1114 1897 vale.

603 2005 694 2045 XX.
729 2006 783 2044 IN
814 2005 1041 2044 PERSONA
1070 2005 1390 2045 HLUDOWICI
1422 2005 1794 2052 IMPERATORIS‚
1825 2006 1893 2043 AD
1923 2005 1976 2045 Η.

1083 2071 1205 2110 EJUS
1235 2071 1486 2111 FIDELEM.

647 2178 702 2223 In
732 2176 931 2225 nomine
955 2177 1150 2224 Domini
1178 2177 1267 2224 Dei
1301 2187 1348 2224 et
1380 2177 1635 2223 Salvatoris
1672 2177 1828 2225 nostri
1857 2175 2000 2224 Jeshu

583 2253 792 2314 Christi,
825 2254 1162 2312 Hludowicus,
1197 2254 1451 2302 ordinante
1484 2253 1643 2301 divina
1671 2253 1997 2319 providentia,

583 2332 848 2397 imperator
862 2343 1106 2398 augustUS,
1126 2333 1184 2379 H.
1207 2331 1333 2379 fideli
1353 2332 1811 2380 nostro.—Notum
1832 2332 1894 2378 sit
1912 2331 2001 2379 tibi

584 2410 716 2476 quod
740 2410 960 2459 volumus
989 2420 1040 2458 ut
1063 2429 1215 2458 unum
1238 2410 1294 2458 de
1314 2410 1422 2458 filiis
1442 2412 1560 2468 tuis,
1590 2410 1770 2457 vasallis
1794 2410 1996 2466 nostris,

583 2505 728 2553 quem
752 2500 806 2535 tu
830 2489 1018 2537 noveris
1042 2488 1172 2555 quod
1202 2487 1292 2537 hoc
1316 2488 1484 2536 melius
1507 2488 1660 2536 facere
1680 2488 1851 2553 possit,
1875 2505 2001 2553 prae-

585 2575 804 2629 paratum
821 2582 917 2613 esse
928 2565 1111 2630 jubea8‚
1134 2576 1205 2624 ut,
1227 2566 1421 2631 quando
1439 2566 1493 2612 R.
1515 2582 1672 2614 comes
1689 2574 1737 2612 et
1755 2565 1814 2612 H.
1834 2565 2001 2611 missus

628 2776 678 2819 (ι)
705 2774 799 2809 Edit.
820 2777 905 2821 quia
