<?xml version="1.0" encoding="UTF-8"?>
<!DOCTYPE html PUBLIC "-//W3C//DTD XHTML 1.0 Transitional//EN"
    "http://www.w3.org/TR/xhtml1/DTD/xhtml1-transitional.dtd">
<html xmlns="http://www.w3.org/1999/xhtml" xml:lang="en" lang="en">
 <head>
  <title>
</title>
<meta http-equiv="Content-Type" content="text/html;charset=utf-8" />
  <meta name='ocr-system' content='tesseract 3.04.00' />
  <meta name='ocr-capabilities' content='ocr_page ocr_carea ocr_par ocr_line ocrx_word'/>
</head>
<body>
  <div class='ocr_page' id='page_1' title='image "./einhardiomniaqua02einhuoft_0406.png"; bbox 0 0 2105 3348; ppageno 0'>
   <div class='ocr_carea' id='block_1_1' title="bbox 575 249 1675 297">
    <p class='ocr_par' dir='ltr' id='par_1_1' title="bbox 575 249 1675 297">
     <span class='ocr_line' id='line_1_1' title="bbox 575 249 1675 297; baseline -0.008 0"><span class='ocrx_word' id='word_1_1' title='bbox 575 259 651 297; x_wconf 90' lang='grc'>368</span> <span class='ocrx_word' id='word_1_2' title='bbox 872 252 1114 292; x_wconf 85' lang='lat' dir='ltr'>HISTORIA</span> <span class='ocrx_word' id='word_1_3' title='bbox 1143 249 1565 297; x_wconf 86' lang='lat' dir='ltr'><strong>TRANSLATIONIS‚</strong></span> <span class='ocrx_word' id='word_1_4' title='bbox 1595 264 1675 291; x_wconf 73' lang='lat' dir='ltr'>mc.</span> 
     </span>
    </p>
   </div>
   <div class='ocr_carea' id='block_1_2' title="bbox 566 329 1994 2799">
    <p class='ocr_par' dir='ltr' id='par_1_2' title="bbox 566 329 1994 2799">
     <span class='ocr_line' id='line_1_2' title="bbox 575 329 1989 405; baseline -0.006 -19"><span class='ocrx_word' id='word_1_5' title='bbox 575 339 703 405; x_wconf 81' lang='lat' dir='ltr'>genti</span> <span class='ocrx_word' id='word_1_6' title='bbox 731 334 988 400; x_wconf 87' lang='lat' dir='ltr'>torquebar</span> <span class='ocrx_word' id='word_1_7' title='bbox 1014 332 1215 387; x_wconf 74' lang='lat' dir='ltr'>invidia3</span> <span class='ocrx_word' id='word_1_8' title='bbox 1246 347 1364 396; x_wconf 88' lang='lat' dir='ltr'>quos</span> <span class='ocrx_word' id='word_1_9' title='bbox 1393 331 1536 377; x_wconf 87' lang='lat' dir='ltr'>etiam</span> <span class='ocrx_word' id='word_1_10' title='bbox 1563 329 1639 376; x_wconf 88' lang='lat' dir='ltr'>hic</span> <span class='ocrx_word' id='word_1_11' title='bbox 1664 330 1810 378; x_wconf 93' lang='lat' dir='ltr'>modo</span> <span class='ocrx_word' id='word_1_12' title='bbox 1833 332 1989 395; x_wconf 82' lang='lat' dir='ltr'>patior</span> 
     </span>
     <span class='ocr_line' id='line_1_3' title="bbox 578 407 1985 463; baseline -0.007 -1"><span class='ocrx_word' id='word_1_13' title='bbox 578 412 901 462; x_wconf 84' lang='lat' dir='ltr'>infestissimos</span> <span class='ocrx_word' id='word_1_14' title='bbox 920 430 930 456; x_wconf 89' lang='lat'><strong>:</strong></span> <span class='ocrx_word' id='word_1_15' title='bbox 953 408 1167 455; x_wconf 88' lang='lat' dir='ltr'>cruciant</span> <span class='ocrx_word' id='word_1_16' title='bbox 1191 408 1320 455; x_wconf 88' lang='lat' dir='ltr'>enim</span> <span class='ocrx_word' id='word_1_17' title='bbox 1335 424 1410 453; x_wconf 88' lang='lat' dir='ltr'>me</span> <span class='ocrx_word' id='word_1_18' title='bbox 1430 416 1676 453; x_wconf 86' lang='lat' dir='ltr'>tormento</span> <span class='ocrx_word' id='word_1_19' title='bbox 1691 407 1956 454; x_wconf 82' lang='lat' dir='ltr'>incredibili</span> <span class='ocrx_word' id='word_1_20' title='bbox 1972 442 1985 463; x_wconf 90' lang='lat'>,</span> 
     </span>
     <span class='ocr_line' id='line_1_4' title="bbox 575 483 1986 556; baseline -0.006 -17"><span class='ocrx_word' id='word_1_21' title='bbox 575 504 715 556; x_wconf 86' lang='lat' dir='ltr'>atque</span> <span class='ocrx_word' id='word_1_22' title='bbox 751 489 955 536; x_wconf 84' lang='lat' dir='ltr'>invitum</span> <span class='ocrx_word' id='word_1_23' title='bbox 992 486 1050 533; x_wconf 89' lang='lat' dir='ltr'>de</span> <span class='ocrx_word' id='word_1_24' title='bbox 1084 485 1175 532; x_wconf 91' lang='lat' dir='ltr'>hoc</span> <span class='ocrx_word' id='word_1_25' title='bbox 1211 502 1340 541; x_wconf 86' lang='lat' dir='ltr'>vase,</span> <span class='ocrx_word' id='word_1_26' title='bbox 1380 485 1429 531; x_wconf 94' lang='lat' dir='ltr'>in</span> <span class='ocrx_word' id='word_1_27' title='bbox 1466 501 1564 549; x_wconf 89' lang='lat' dir='ltr'>quo</span> <span class='ocrx_word' id='word_1_28' title='bbox 1601 484 1684 530; x_wconf 91' lang='lat' dir='ltr'>diu</span> <span class='ocrx_word' id='word_1_29' title='bbox 1718 483 1986 540; x_wconf 83' lang='lat' dir='ltr'>latitabam,</span> 
     </span>
     <span class='ocr_line' id='line_1_5' title="bbox 576 561 1990 631; baseline -0.006 -14"><span class='ocrx_word' id='word_1_30' title='bbox 576 570 702 617; x_wconf 86' lang='lat' dir='ltr'>exire</span> <span class='ocrx_word' id='word_1_31' title='bbox 726 565 1038 631; x_wconf 89' lang='lat' dir='ltr'>compellunt.</span> <span class='ocrx_word' id='word_1_32' title='bbox 1057 584 1080 608; x_wconf 68' lang='grc' dir='ltr'>υ</span> <span class='ocrx_word' id='word_1_33' title='bbox 1102 564 1188 610; x_wconf 86' lang='lat' dir='ltr'>Cui</span> <span class='ocrx_word' id='word_1_34' title='bbox 1212 561 1490 628; x_wconf 81' lang='lat' dir='ltr'><strong>presbyter:</strong></span> <span class='ocrx_word' id='word_1_35' title='bbox 1515 563 1675 608; x_wconf 87' lang='lat' dir='ltr'>«Cum</span> <span class='ocrx_word' id='word_1_36' title='bbox 1699 562 1883 619; x_wconf 83' lang='lat' dir='ltr'>exieris,</span> <span class='ocrx_word' id='word_1_37' title='bbox 1913 563 1990 609; x_wconf 90' lang='lat' dir='ltr'>in·-</span> 
     </span>
     <span class='ocr_line' id='line_1_6' title="bbox 576 639 1993 712; baseline -0.005 -19"><span class='ocrx_word' id='word_1_38' title='bbox 576 648 706 712; x_wconf 88' lang='lat' dir='ltr'>quit,</span> <span class='ocrx_word' id='word_1_39' title='bbox 730 663 828 711; x_wconf 86' lang='lat' dir='ltr'>quo</span> <span class='ocrx_word' id='word_1_40' title='bbox 852 653 1157 709; x_wconf 87' lang='lat' dir='ltr'>perrecturus</span> <span class='ocrx_word' id='word_1_41' title='bbox 1182 639 1260 689; x_wconf 80' lang='lat' dir='ltr'>es?</span> <span class='ocrx_word' id='word_1_42' title='bbox 1276 669 1340 678; x_wconf 91' lang='lat'>—</span> <span class='ocrx_word' id='word_1_43' title='bbox 1358 642 1483 704; x_wconf 80' lang='lat' dir='ltr'>Ego,</span> <span class='ocrx_word' id='word_1_44' title='bbox 1511 640 1598 697; x_wconf 88' lang='lat' dir='ltr'>ait,</span> <span class='ocrx_word' id='word_1_45' title='bbox 1630 641 1679 686; x_wconf 89' lang='lat' dir='ltr'>in</span> <span class='ocrx_word' id='word_1_46' title='bbox 1703 641 1828 686; x_wconf 87' lang='lat' dir='ltr'>viam</span> <span class='ocrx_word' id='word_1_47' title='bbox 1850 641 1993 704; x_wconf 89' lang='lat' dir='ltr'>pessi-</span> 
     </span>
     <span class='ocr_line' id='line_1_7' title="bbox 576 717 1992 788; baseline -0.004 -17"><span class='ocrx_word' id='word_1_48' title='bbox 576 743 701 772; x_wconf 86' lang='lat' dir='ltr'>mam</span> <span class='ocrx_word' id='word_1_49' title='bbox 718 733 1047 788; x_wconf 86' lang='lat' dir='ltr'>perrecturus,</span> <span class='ocrx_word' id='word_1_50' title='bbox 1071 731 1119 767; x_wconf 89' lang='lat' dir='ltr'>et</span> <span class='ocrx_word' id='word_1_51' title='bbox 1144 719 1432 784; x_wconf 85' lang='lat' dir='ltr'>longinquas</span> <span class='ocrx_word' id='word_1_52' title='bbox 1455 717 1755 782; x_wconf 85' lang='lat' dir='ltr'>desertasque</span> <span class='ocrx_word' id='word_1_53' title='bbox 1779 719 1992 783; x_wconf 80' lang='lat' dir='ltr'>regiones</span> 
     </span>
     <span class='ocr_line' id='line_1_8' title="bbox 577 797 1993 867; baseline -0.006 -17"><span class='ocrx_word' id='word_1_54' title='bbox 577 804 815 867; x_wconf 89' lang='lat' dir='ltr'>petiturus</span> <span class='ocrx_word' id='word_1_55' title='bbox 841 818 963 846; x_wconf 88' lang='lat' dir='ltr'>sum.</span> <span class='ocrx_word' id='word_1_56' title='bbox 986 819 1008 843; x_wconf 87' lang='lat'>»</span> <span class='ocrx_word' id='word_1_57' title='bbox 1034 799 1145 845; x_wconf 88' lang='lat' dir='ltr'>Post</span> <span class='ocrx_word' id='word_1_58' title='bbox 1177 797 1277 844; x_wconf 84' lang='lat' dir='ltr'>haec</span> <span class='ocrx_word' id='word_1_59' title='bbox 1297 814 1407 843; x_wconf 88' lang='lat' dir='ltr'>cum</span> <span class='ocrx_word' id='word_1_60' title='bbox 1431 806 1477 843; x_wconf 86' lang='lat' dir='ltr'>et</span> <span class='ocrx_word' id='word_1_61' title='bbox 1502 797 1801 843; x_wconf 81' lang='lat' dir='ltr'>occasionem</span> <span class='ocrx_word' id='word_1_62' title='bbox 1820 807 1866 843; x_wconf 91' lang='lat' dir='ltr'>et</span> <span class='ocrx_word' id='word_1_63' title='bbox 1884 814 1993 843; x_wconf 90' lang='lat' dir='ltr'>mo-</span> 
     </span>
     <span class='ocr_line' id='line_1_9' title="bbox 575 874 1989 944; baseline -0.004 -17"><span class='ocrx_word' id='word_1_64' title='bbox 575 880 689 927; x_wconf 91' lang='lat' dir='ltr'>dum</span> <span class='ocrx_word' id='word_1_65' title='bbox 709 877 1013 944; x_wconf 80' lang='lat' dir='ltr'>ingressionis</span> <span class='ocrx_word' id='word_1_66' title='bbox 1037 894 1133 922; x_wconf 86' lang='lat' dir='ltr'>suae</span> <span class='ocrx_word' id='word_1_67' title='bbox 1155 875 1356 940; x_wconf 88' lang='lat' dir='ltr'>jubente</span> <span class='ocrx_word' id='word_1_68' title='bbox 1381 874 1664 940; x_wconf 86' lang='lat' dir='ltr'>presbytero</span> <span class='ocrx_word' id='word_1_69' title='bbox 1683 875 1989 938; x_wconf 82' lang='lat' dir='ltr'>exposuisset,</span> 
     </span>
     <span class='ocr_line' id='line_1_10' title="bbox 576 953 1988 1019; baseline -0.004 -14"><span class='ocrx_word' id='word_1_70' title='bbox 576 975 831 1006; x_wconf 87' lang='lat' dir='ltr'>conversus</span> <span class='ocrx_word' id='word_1_71' title='bbox 855 955 910 1002; x_wconf 91' lang='lat' dir='ltr'>ad</span> <span class='ocrx_word' id='word_1_72' title='bbox 929 955 1184 1002; x_wconf 87' lang='lat' dir='ltr'>feminam:</span> <span class='ocrx_word' id='word_1_73' title='bbox 1208 955 1372 1019; x_wconf 86' lang='lat' dir='ltr'>«Ego,</span> <span class='ocrx_word' id='word_1_74' title='bbox 1404 954 1580 1017; x_wconf 89' lang='lat' dir='ltr'>inquit,</span> <span class='ocrx_word' id='word_1_75' title='bbox 1607 953 1772 1000; x_wconf 83' lang='lat' dir='ltr'>infelix</span> <span class='ocrx_word' id='word_1_76' title='bbox 1798 953 1988 1011; x_wconf 84' lang='lat' dir='ltr'>mulier,</span> 
     </span>
     <span class='ocr_line' id='line_1_11' title="bbox 575 1030 1989 1102; baseline -0.005 -18"><span class='ocrx_word' id='word_1_77' title='bbox 575 1048 831 1102; x_wconf 83' lang='lat' dir='ltr'>antequam</span> <span class='ocrx_word' id='word_1_78' title='bbox 849 1051 1037 1091; x_wconf 87' lang='lat' dir='ltr'>exeam,</span> <span class='ocrx_word' id='word_1_79' title='bbox 1060 1050 1158 1080; x_wconf 89' lang='lat' dir='ltr'>ossa</span> <span class='ocrx_word' id='word_1_80' title='bbox 1175 1042 1254 1078; x_wconf 86' lang='lat' dir='ltr'>tua</span> <span class='ocrx_word' id='word_1_81' title='bbox 1273 1030 1495 1079; x_wconf 84' lang='lat' dir='ltr'>collidam</span> <span class='ocrx_word' id='word_1_82' title='bbox 1511 1042 1653 1096; x_wconf 88' lang='lat' dir='ltr'>atque</span> <span class='ocrx_word' id='word_1_83' title='bbox 1669 1030 1989 1096; x_wconf 80' lang='lat' dir='ltr'>confringam,</span> 
     </span>
     <span class='ocr_line' id='line_1_12' title="bbox 577 1108 1992 1180; baseline -0.006 -18"><span class='ocrx_word' id='word_1_84' title='bbox 577 1126 719 1180; x_wconf 87' lang='lat' dir='ltr'>teque</span> <span class='ocrx_word' id='word_1_85' title='bbox 743 1112 949 1161; x_wconf 86' lang='lat' dir='ltr'>debilem</span> <span class='ocrx_word' id='word_1_86' title='bbox 981 1128 1033 1157; x_wconf 90' lang='lat' dir='ltr'>ac</span> <span class='ocrx_word' id='word_1_87' title='bbox 1065 1119 1243 1157; x_wconf 86' lang='lat' dir='ltr'>nostrae</span> <span class='ocrx_word' id='word_1_88' title='bbox 1275 1109 1512 1156; x_wconf 89' lang='lat' dir='ltr'>societatis</span> <span class='ocrx_word' id='word_1_89' title='bbox 1542 1126 1806 1156; x_wconf 77' lang='lat' dir='ltr'>memorem</span> <span class='ocrx_word' id='word_1_90' title='bbox 1836 1108 1992 1155; x_wconf 90' lang='lat' dir='ltr'>relin-</span> 
     </span>
     <span class='ocr_line' id='line_1_13' title="bbox 575 1185 1989 1259; baseline -0.006 -19"><span class='ocrx_word' id='word_1_91' title='bbox 575 1211 735 1259; x_wconf 85' lang='lat' dir='ltr'>quam.</span> <span class='ocrx_word' id='word_1_92' title='bbox 765 1213 788 1236; x_wconf 89' lang='lat'>»</span> <span class='ocrx_word' id='word_1_93' title='bbox 812 1192 876 1236; x_wconf 87' lang='lat' dir='ltr'>Et</span> <span class='ocrx_word' id='word_1_94' title='bbox 901 1207 1010 1236; x_wconf 89' lang='lat' dir='ltr'>cum</span> <span class='ocrx_word' id='word_1_95' title='bbox 1037 1188 1139 1245; x_wconf 89' lang='lat' dir='ltr'>illa,</span> <span class='ocrx_word' id='word_1_96' title='bbox 1168 1187 1301 1234; x_wconf 83' lang='lat' dir='ltr'>velut</span> <span class='ocrx_word' id='word_1_97' title='bbox 1332 1185 1625 1232; x_wconf 85' lang='lat' dir='ltr'>infirmitatis</span> <span class='ocrx_word' id='word_1_98' title='bbox 1650 1203 1747 1232; x_wconf 85' lang='lat' dir='ltr'>suae</span> <span class='ocrx_word' id='word_1_99' title='bbox 1775 1187 1960 1233; x_wconf 90' lang='lat' dir='ltr'>conscia</span> <span class='ocrx_word' id='word_1_100' title='bbox 1977 1222 1989 1241; x_wconf 91' lang='lat'>,</span> 
     </span>
     <span class='ocr_line' id='line_1_14' title="bbox 575 1262 1994 1336; baseline -0.006 -18"><span class='ocrx_word' id='word_1_101' title='bbox 575 1271 798 1336; x_wconf 89' lang='lat' dir='ltr'>coepisset</span> <span class='ocrx_word' id='word_1_102' title='bbox 811 1286 925 1315; x_wconf 86' lang='lat' dir='ltr'>voce</span> <span class='ocrx_word' id='word_1_103' title='bbox 940 1265 1142 1331; x_wconf 88' lang='lat' dir='ltr'>supplici</span> <span class='ocrx_word' id='word_1_104' title='bbox 1158 1275 1299 1330; x_wconf 83' lang='lat' dir='ltr'>atque</span> <span class='ocrx_word' id='word_1_105' title='bbox 1317 1262 1542 1310; x_wconf 85' lang='lat' dir='ltr'>submissa</span> <span class='ocrx_word' id='word_1_106' title='bbox 1561 1264 1847 1311; x_wconf 90' lang='lat' dir='ltr'>Sanctorum</span> <span class='ocrx_word' id='word_1_107' title='bbox 1864 1264 1994 1310; x_wconf 88' lang='lat' dir='ltr'>auxi-</span> 
     </span>
     <span class='ocr_line' id='line_1_15' title="bbox 575 1341 1990 1412; baseline -0.005 -17"><span class='ocrx_word' id='word_1_108' title='bbox 575 1349 696 1395; x_wconf 88' lang='lat' dir='ltr'>lium</span> <span class='ocrx_word' id='word_1_109' title='bbox 715 1347 997 1412; x_wconf 85' lang='lat' dir='ltr'>implorare,</span> <span class='ocrx_word' id='word_1_110' title='bbox 1020 1344 1098 1391; x_wconf 91' lang='lat' dir='ltr'>ille</span> <span class='ocrx_word' id='word_1_111' title='bbox 1117 1343 1277 1389; x_wconf 87' lang='lat' dir='ltr'>statim</span> <span class='ocrx_word' id='word_1_112' title='bbox 1296 1377 1308 1398; x_wconf 92' lang='lat'>‚</span> <span class='ocrx_word' id='word_1_113' title='bbox 1328 1358 1414 1404; x_wconf 91' lang='lat' dir='ltr'>per</span> <span class='ocrx_word' id='word_1_114' title='bbox 1436 1359 1489 1390; x_wconf 93' lang='lat' dir='ltr'>os</span> <span class='ocrx_word' id='word_1_115' title='bbox 1511 1341 1654 1405; x_wconf 88' lang='lat' dir='ltr'>ipsius</span> <span class='ocrx_word' id='word_1_116' title='bbox 1672 1358 1781 1386; x_wconf 84' lang='lat' dir='ltr'>cum</span> <span class='ocrx_word' id='word_1_117' title='bbox 1807 1342 1990 1406; x_wconf 80' lang='lat' dir='ltr'>ingenti</span> 
     </span>
     <span class='ocr_line' id='line_1_16' title="bbox 574 1418 1991 1483; baseline -0.006 -11"><span class='ocrx_word' id='word_1_118' title='bbox 574 1425 846 1472; x_wconf 86' lang='lat' dir='ltr'>austeritate</span> <span class='ocrx_word' id='word_1_119' title='bbox 869 1422 1078 1469; x_wconf 90' lang='lat' dir='ltr'>fremens</span> <span class='ocrx_word' id='word_1_120' title='bbox 1098 1430 1146 1466; x_wconf 90' lang='lat' dir='ltr'>et</span> <span class='ocrx_word' id='word_1_121' title='bbox 1170 1419 1479 1483; x_wconf 76' lang='lat' dir='ltr'>increpitam,</span> <span class='ocrx_word' id='word_1_122' title='bbox 1495 1418 1628 1483; x_wconf 87' lang='lat' dir='ltr'>loqui</span> <span class='ocrx_word' id='word_1_123' title='bbox 1652 1418 1832 1465; x_wconf 84' lang='lat' dir='ltr'>volenti</span> <span class='ocrx_word' id='word_1_124' title='bbox 1852 1418 1991 1465; x_wconf 89' lang='lat' dir='ltr'>silen-</span> 
     </span>
     <span class='ocr_line' id='line_1_17' title="bbox 576 1496 1993 1567; baseline -0.006 -16"><span class='ocrx_word' id='word_1_125' title='bbox 576 1505 699 1551; x_wconf 90' lang='lat' dir='ltr'>tium</span> <span class='ocrx_word' id='word_1_126' title='bbox 726 1501 993 1567; x_wconf 85' lang='lat' dir='ltr'>imperavit.</span> <span class='ocrx_word' id='word_1_127' title='bbox 1019 1501 1136 1546; x_wconf 85' lang='lat' dir='ltr'>Erat</span> <span class='ocrx_word' id='word_1_128' title='bbox 1159 1498 1288 1545; x_wconf 88' lang='lat' dir='ltr'>enim</span> <span class='ocrx_word' id='word_1_129' title='bbox 1307 1496 1474 1554; x_wconf 89' lang='lat' dir='ltr'>nobis,</span> <span class='ocrx_word' id='word_1_130' title='bbox 1500 1496 1582 1562; x_wconf 86' lang='lat' dir='ltr'>qui</span> <span class='ocrx_word' id='word_1_131' title='bbox 1606 1506 1862 1560; x_wconf 79' lang='lat' dir='ltr'>praesentes</span> <span class='ocrx_word' id='word_1_132' title='bbox 1887 1513 1993 1543; x_wconf 84' lang='lat' dir='ltr'>era-</span> 
     </span>
     <span class='ocr_line' id='line_1_18' title="bbox 574 1572 1992 1638; baseline -0.007 -11"><span class='ocrx_word' id='word_1_133' title='bbox 574 1598 703 1637; x_wconf 90' lang='lat' dir='ltr'>mus,</span> <span class='ocrx_word' id='word_1_134' title='bbox 730 1579 789 1625; x_wconf 88' lang='lat' dir='ltr'>ad</span> <span class='ocrx_word' id='word_1_135' title='bbox 817 1576 1078 1624; x_wconf 76' lang='lat' dir='ltr'>videndum</span> <span class='ocrx_word' id='word_1_136' title='bbox 1102 1572 1235 1621; x_wconf 84' lang='lat' dir='ltr'>valde</span> <span class='ocrx_word' id='word_1_137' title='bbox 1262 1573 1504 1631; x_wconf 88' lang='lat' dir='ltr'>mirabile,</span> <span class='ocrx_word' id='word_1_138' title='bbox 1538 1572 1669 1638; x_wconf 87' lang='lat' dir='ltr'>quod</span> <span class='ocrx_word' id='word_1_139' title='bbox 1700 1572 1778 1620; x_wconf 85' lang='lat' dir='ltr'>ille</span> <span class='ocrx_word' id='word_1_140' title='bbox 1799 1572 1992 1636; x_wconf 89' lang='lat' dir='ltr'>spiritus</span> 
     </span>
     <span class='ocr_line' id='line_1_19' title="bbox 574 1648 1991 1718; baseline -0.006 -14"><span class='ocrx_word' id='word_1_141' title='bbox 574 1655 849 1704; x_wconf 90' lang='lat' dir='ltr'>immundus</span> <span class='ocrx_word' id='word_1_142' title='bbox 883 1671 968 1718; x_wconf 92' lang='lat' dir='ltr'>per</span> <span class='ocrx_word' id='word_1_143' title='bbox 1002 1669 1054 1699; x_wconf 90' lang='lat' dir='ltr'>os</span> <span class='ocrx_word' id='word_1_144' title='bbox 1093 1651 1300 1715; x_wconf 87' lang='lat' dir='ltr'>ejusdem</span> <span class='ocrx_word' id='word_1_145' title='bbox 1341 1650 1632 1696; x_wconf 87' lang='lat' dir='ltr'>mulierculae</span> <span class='ocrx_word' id='word_1_146' title='bbox 1670 1659 1767 1695; x_wconf 87' lang='lat' dir='ltr'>tam</span> <span class='ocrx_word' id='word_1_147' title='bbox 1803 1648 1991 1696; x_wconf 85' lang='lat' dir='ltr'>diverso</span> 
     </span>
     <span class='ocr_line' id='line_1_20' title="bbox 573 1728 1991 1798; baseline -0.006 -15"><span class='ocrx_word' id='word_1_148' title='bbox 573 1734 718 1782; x_wconf 88' lang='lat' dir='ltr'>modo</span> <span class='ocrx_word' id='word_1_149' title='bbox 737 1731 1046 1798; x_wconf 83' lang='lat' dir='ltr'>loquebatur3</span> <span class='ocrx_word' id='word_1_150' title='bbox 1072 1739 1119 1777; x_wconf 88' lang='lat' dir='ltr'>et</span> <span class='ocrx_word' id='word_1_151' title='bbox 1142 1746 1273 1775; x_wconf 87' lang='lat' dir='ltr'>nunc</span> <span class='ocrx_word' id='word_1_152' title='bbox 1297 1728 1587 1784; x_wconf 75' lang='lat' dir='ltr'>masculinae,</span> <span class='ocrx_word' id='word_1_153' title='bbox 1602 1746 1733 1775; x_wconf 91' lang='lat' dir='ltr'>nunc</span> <span class='ocrx_word' id='word_1_154' title='bbox 1748 1728 1991 1774; x_wconf 86' lang='lat' dir='ltr'>femininae</span> 
     </span>
     <span class='ocr_line' id='line_1_21' title="bbox 574 1805 1990 1875; baseline -0.006 -17"><span class='ocrx_word' id='word_1_155' title='bbox 574 1813 702 1860; x_wconf 82' lang='lat' dir='ltr'>vocis</span> <span class='ocrx_word' id='word_1_156' title='bbox 719 1809 997 1875; x_wconf 84' lang='lat' dir='ltr'>qualitatem</span> <span class='ocrx_word' id='word_1_157' title='bbox 1017 1807 1083 1852; x_wconf 88' lang='lat' dir='ltr'>sic</span> <span class='ocrx_word' id='word_1_158' title='bbox 1100 1805 1155 1851; x_wconf 87' lang='lat' dir='ltr'>ad</span> <span class='ocrx_word' id='word_1_159' title='bbox 1173 1823 1349 1870; x_wconf 90' lang='lat' dir='ltr'>purum</span> <span class='ocrx_word' id='word_1_160' title='bbox 1368 1805 1691 1869; x_wconf 86' lang='lat' dir='ltr'>exprimebat,</span> <span class='ocrx_word' id='word_1_161' title='bbox 1710 1815 1764 1851; x_wconf 91' lang='lat' dir='ltr'>ut</span> <span class='ocrx_word' id='word_1_162' title='bbox 1782 1821 1881 1851; x_wconf 89' lang='lat' dir='ltr'>non</span> <span class='ocrx_word' id='word_1_163' title='bbox 1897 1821 1990 1850; x_wconf 87' lang='lat' dir='ltr'>una</span> 
     </span>
     <span class='ocr_line' id='line_1_22' title="bbox 572 1882 1991 1948; baseline -0.006 -13"><span class='ocrx_word' id='word_1_164' title='bbox 572 1888 653 1937; x_wconf 89' lang='lat' dir='ltr'>sed</span> <span class='ocrx_word' id='word_1_165' title='bbox 682 1888 788 1934; x_wconf 86' lang='lat' dir='ltr'>duae</span> <span class='ocrx_word' id='word_1_166' title='bbox 826 1887 876 1932; x_wconf 89' lang='lat' dir='ltr'>in</span> <span class='ocrx_word' id='word_1_167' title='bbox 902 1903 952 1931; x_wconf 92' lang='lat' dir='ltr'>ea</span> <span class='ocrx_word' id='word_1_168' title='bbox 978 1884 1151 1930; x_wconf 89' lang='lat' dir='ltr'>acriter</span> <span class='ocrx_word' id='word_1_169' title='bbox 1180 1883 1491 1940; x_wconf 84' lang='lat' dir='ltr'>altercantes,</span> <span class='ocrx_word' id='word_1_170' title='bbox 1528 1899 1669 1948; x_wconf 85' lang='lat' dir='ltr'>seque</span> <span class='ocrx_word' id='word_1_171' title='bbox 1697 1882 1753 1928; x_wconf 91' lang='lat' dir='ltr'>ad</span> <span class='ocrx_word' id='word_1_172' title='bbox 1787 1882 1991 1929; x_wconf 89' lang='lat' dir='ltr'>invicem</span> 
     </span>
     <span class='ocr_line' id='line_1_23' title="bbox 572 1959 1991 2024; baseline -0.005 -11"><span class='ocrx_word' id='word_1_173' title='bbox 572 1965 794 2013; x_wconf 86' lang='lat' dir='ltr'>convitiis</span> <span class='ocrx_word' id='word_1_174' title='bbox 820 1963 1097 2010; x_wconf 89' lang='lat' dir='ltr'>lacessentes</span> <span class='ocrx_word' id='word_1_175' title='bbox 1120 1977 1365 2024; x_wconf 81' lang='lat' dir='ltr'>personae,</span> <span class='ocrx_word' id='word_1_176' title='bbox 1388 1977 1484 2007; x_wconf 89' lang='lat' dir='ltr'>esse</span> <span class='ocrx_word' id='word_1_177' title='bbox 1506 1959 1802 2007; x_wconf 86' lang='lat' dir='ltr'>viderentur.</span> <span class='ocrx_word' id='word_1_178' title='bbox 1830 1959 1893 2005; x_wconf 91' lang='lat' dir='ltr'>Et</span> <span class='ocrx_word' id='word_1_179' title='bbox 1918 1977 1991 2006; x_wconf 89' lang='lat' dir='ltr'>re-</span> 
     </span>
     <span class='ocr_line' id='line_1_24' title="bbox 571 2037 1984 2096; baseline -0.004 -8"><span class='ocrx_word' id='word_1_180' title='bbox 571 2061 680 2089; x_wconf 75' lang='lat' dir='ltr'>vera</span> <span class='ocrx_word' id='word_1_181' title='bbox 702 2042 808 2088; x_wconf 85' lang='lat' dir='ltr'>duae</span> <span class='ocrx_word' id='word_1_182' title='bbox 829 2050 966 2087; x_wconf 85' lang='lat' dir='ltr'>erant</span> <span class='ocrx_word' id='word_1_183' title='bbox 981 2073 994 2096; x_wconf 93' lang='lat'>,</span> <span class='ocrx_word' id='word_1_184' title='bbox 1014 2038 1196 2085; x_wconf 86' lang='lat' dir='ltr'>diversa</span> <span class='ocrx_word' id='word_1_185' title='bbox 1214 2037 1342 2085; x_wconf 86' lang='lat' dir='ltr'>inter</span> <span class='ocrx_word' id='word_1_186' title='bbox 1360 2055 1407 2084; x_wconf 92' lang='lat' dir='ltr'>se</span> <span class='ocrx_word' id='word_1_187' title='bbox 1421 2038 1668 2085; x_wconf 84' lang='lat' dir='ltr'>voluntate</span> <span class='ocrx_word' id='word_1_188' title='bbox 1683 2037 1984 2084; x_wconf 90' lang='lat' dir='ltr'>dissidentes:</span> 
     </span>
     <span class='ocr_line' id='line_1_25' title="bbox 571 2114 1988 2180; baseline -0.005 -13"><span class='ocrx_word' id='word_1_189' title='bbox 571 2119 803 2168; x_wconf 85' lang='lat' dir='ltr'>daemonis</span> <span class='ocrx_word' id='word_1_190' title='bbox 826 2135 945 2174; x_wconf 91' lang='lat' dir='ltr'>una,</span> <span class='ocrx_word' id='word_1_191' title='bbox 965 2132 1230 2180; x_wconf 85' lang='lat' dir='ltr'>possessum</span> <span class='ocrx_word' id='word_1_192' title='bbox 1252 2132 1276 2161; x_wconf 88' lang='lat' dir='ltr'>a</span> <span class='ocrx_word' id='word_1_193' title='bbox 1301 2132 1348 2161; x_wconf 91' lang='lat' dir='ltr'>se</span> <span class='ocrx_word' id='word_1_194' title='bbox 1367 2132 1539 2179; x_wconf 90' lang='lat' dir='ltr'>corpus</span> <span class='ocrx_word' id='word_1_195' title='bbox 1557 2115 1781 2162; x_wconf 88' lang='lat' dir='ltr'>collidere</span> <span class='ocrx_word' id='word_1_196' title='bbox 1798 2114 1988 2178; x_wconf 88' lang='lat' dir='ltr'>cupien-</span> 
     </span>
     <span class='ocr_line' id='line_1_26' title="bbox 573 2191 1988 2258; baseline -0.006 -13"><span class='ocrx_word' id='word_1_197' title='bbox 573 2200 631 2245; x_wconf 90' lang='lat' dir='ltr'>tis</span> <span class='ocrx_word' id='word_1_198' title='bbox 647 2234 660 2255; x_wconf 94' lang='lat'>,</span> <span class='ocrx_word' id='word_1_199' title='bbox 688 2195 900 2243; x_wconf 90' lang='lat' dir='ltr'>mulieris</span> <span class='ocrx_word' id='word_1_200' title='bbox 923 2193 1093 2251; x_wconf 84' lang='lat' dir='ltr'>altera,</span> <span class='ocrx_word' id='word_1_201' title='bbox 1121 2192 1256 2241; x_wconf 91' lang='lat' dir='ltr'>hoste</span> <span class='ocrx_word' id='word_1_202' title='bbox 1273 2210 1372 2258; x_wconf 90' lang='lat' dir='ltr'>quo</span> <span class='ocrx_word' id='word_1_203' title='bbox 1394 2192 1645 2240; x_wconf 86' lang='lat' dir='ltr'>tenebatur</span> <span class='ocrx_word' id='word_1_204' title='bbox 1663 2191 1855 2240; x_wconf 87' lang='lat' dir='ltr'>liberari</span> <span class='ocrx_word' id='word_1_205' title='bbox 1872 2191 1988 2237; x_wconf 90' lang='lat' dir='ltr'>desi-</span> 
     </span>
     <span class='ocr_line' id='line_1_27' title="bbox 570 2269 1986 2337; baseline -0.005 -14"><span class='ocrx_word' id='word_1_206' title='bbox 570 2275 806 2330; x_wconf 85' lang='lat' dir='ltr'>derantis3</span> <span class='ocrx_word' id='word_1_207' title='bbox 845 2289 953 2337; x_wconf 88' lang='lat' dir='ltr'>quae</span> <span class='ocrx_word' id='word_1_208' title='bbox 985 2271 1228 2318; x_wconf 86' lang='lat' dir='ltr'>diversitas</span> <span class='ocrx_word' id='word_1_209' title='bbox 1260 2271 1592 2327; x_wconf 88' lang='lat' dir='ltr'>voluntatum,</span> <span class='ocrx_word' id='word_1_210' title='bbox 1627 2288 1685 2317; x_wconf 81' lang='lat' dir='ltr'>ex</span> <span class='ocrx_word' id='word_1_211' title='bbox 1714 2269 1986 2333; x_wconf 88' lang='lat' dir='ltr'>disparitate</span> 
     </span>
     <span class='ocr_line' id='line_1_28' title="bbox 570 2346 1987 2413; baseline -0.006 -12"><span class='ocrx_word' id='word_1_212' title='bbox 570 2369 743 2401; x_wconf 88' lang='lat' dir='ltr'>vocum</span> <span class='ocrx_word' id='word_1_213' title='bbox 758 2368 810 2397; x_wconf 88' lang='lat' dir='ltr'>ac</span> <span class='ocrx_word' id='word_1_214' title='bbox 826 2348 1215 2396; x_wconf 89' lang='lat' dir='ltr'>dissimilitudine</span> <span class='ocrx_word' id='word_1_215' title='bbox 1242 2346 1499 2394; x_wconf 90' lang='lat' dir='ltr'>verborum</span> <span class='ocrx_word' id='word_1_216' title='bbox 1513 2383 1525 2404; x_wconf 96' lang='lat'>,</span> <span class='ocrx_word' id='word_1_217' title='bbox 1552 2365 1659 2413; x_wconf 87' lang='lat' dir='ltr'>quae</span> <span class='ocrx_word' id='word_1_218' title='bbox 1686 2348 1812 2394; x_wconf 90' lang='lat' dir='ltr'>inter</span> <span class='ocrx_word' id='word_1_219' title='bbox 1830 2365 1877 2394; x_wconf 89' lang='lat' dir='ltr'>se</span> <span class='ocrx_word' id='word_1_220' title='bbox 1893 2349 1987 2411; x_wconf 89' lang='lat' dir='ltr'>jac·</span> 
     </span>
     <span class='ocr_line' id='line_1_29' title="bbox 571 2424 1984 2489; baseline -0.006 -11"><span class='ocrx_word' id='word_1_221' title='bbox 571 2431 737 2478; x_wconf 86' lang='lat' dir='ltr'>tabant</span> <span class='ocrx_word' id='word_1_222' title='bbox 750 2463 763 2485; x_wconf 92' lang='lat'>,</span> <span class='ocrx_word' id='word_1_223' title='bbox 780 2425 1032 2483; x_wconf 38' lang='lat' dir='ltr'>satis-clare</span> <span class='ocrx_word' id='word_1_224' title='bbox 1055 2435 1195 2489; x_wconf 86' lang='lat' dir='ltr'>atque</span> <span class='ocrx_word' id='word_1_225' title='bbox 1211 2434 1371 2488; x_wconf 88' lang='lat' dir='ltr'>aperte</span> <span class='ocrx_word' id='word_1_226' title='bbox 1396 2434 1582 2487; x_wconf 84' lang='lat' dir='ltr'>poterat</span> <span class='ocrx_word' id='word_1_227' title='bbox 1600 2424 1819 2489; x_wconf 82' lang='lat' dir='ltr'>intelligi.</span> <span class='ocrx_word' id='word_1_228' title='bbox 1838 2424 1984 2471; x_wconf 86' lang='lat' dir='ltr'>Com-</span> 
     </span>
     <span class='ocr_line' id='line_1_30' title="bbox 567 2501 1981 2574; baseline -0.006 -19"><span class='ocrx_word' id='word_1_229' title='bbox 567 2509 699 2574; x_wconf 89' lang='lat' dir='ltr'>pleto</span> <span class='ocrx_word' id='word_1_230' title='bbox 740 2504 888 2569; x_wconf 89' lang='lat' dir='ltr'>igitur</span> <span class='ocrx_word' id='word_1_231' title='bbox 913 2504 1048 2566; x_wconf 86' lang='lat' dir='ltr'>juxta</span> <span class='ocrx_word' id='word_1_232' title='bbox 1087 2501 1483 2549; x_wconf 89' lang='lat' dir='ltr'>consuetudinem</span> <span class='ocrx_word' id='word_1_233' title='bbox 1523 2502 1740 2567; x_wconf 86' lang='lat' dir='ltr'>mysterii</span> <span class='ocrx_word' id='word_1_234' title='bbox 1777 2501 1981 2548; x_wconf 88' lang='lat' dir='ltr'>coelestis</span> 
     </span>
     <span class='ocr_line' id='line_1_31' title="bbox 568 2579 1983 2645; baseline -0.008 -11"><span class='ocrx_word' id='word_1_235' title='bbox 568 2585 723 2635; x_wconf 86' lang='lat' dir='ltr'>officio</span> <span class='ocrx_word' id='word_1_236' title='bbox 737 2619 749 2640; x_wconf 90' lang='lat'>‚</span> <span class='ocrx_word' id='word_1_237' title='bbox 767 2580 1002 2645; x_wconf 85' lang='lat' dir='ltr'>nobisque</span> <span class='ocrx_word' id='word_1_238' title='bbox 1021 2579 1078 2625; x_wconf 86' lang='lat' dir='ltr'>ad</span> <span class='ocrx_word' id='word_1_239' title='bbox 1104 2579 1308 2625; x_wconf 88' lang='lat' dir='ltr'>curanda</span> <span class='ocrx_word' id='word_1_240' title='bbox 1331 2596 1534 2644; x_wconf 88' lang='lat' dir='ltr'>corpora</span> <span class='ocrx_word' id='word_1_241' title='bbox 1558 2580 1614 2627; x_wconf 92' lang='lat' dir='ltr'>de</span> <span class='ocrx_word' id='word_1_242' title='bbox 1633 2579 1821 2626; x_wconf 88' lang='lat' dir='ltr'>basilica</span> <span class='ocrx_word' id='word_1_243' title='bbox 1845 2595 1983 2643; x_wconf 84' lang='lat' dir='ltr'>egre-</span> 
     </span>
     <span class='ocr_line' id='line_1_32' title="bbox 566 2656 1976 2723; baseline -0.007 -11"><span class='ocrx_word' id='word_1_244' title='bbox 566 2660 832 2720; x_wconf 86' lang='lat' dir='ltr'>dientibus,</span> <span class='ocrx_word' id='word_1_245' title='bbox 853 2659 1077 2723; x_wconf 86' lang='lat' dir='ltr'>jussimus</span> <span class='ocrx_word' id='word_1_246' title='bbox 1099 2657 1327 2705; x_wconf 88' lang='lat' dir='ltr'>feminam</span> <span class='ocrx_word' id='word_1_247' title='bbox 1350 2675 1460 2704; x_wconf 92' lang='lat' dir='ltr'>cum</span> <span class='ocrx_word' id='word_1_248' title='bbox 1484 2656 1759 2705; x_wconf 85' lang='lat' dir='ltr'>custodibus</span> <span class='ocrx_word' id='word_1_249' title='bbox 1784 2656 1976 2711; x_wconf 90' lang='lat' dir='ltr'>ibidem,</span> 
     </span>
     <span class='ocr_line' id='line_1_33' title="bbox 567 2734 1977 2799; baseline -0.008 -10"><span class='ocrx_word' id='word_1_250' title='bbox 567 2744 717 2790; x_wconf 86' lang='lat' dir='ltr'>donec</span> <span class='ocrx_word' id='word_1_251' title='bbox 773 2746 1145 2792; x_wconf 77' lang='lat' dir='ltr'>reverteremur,</span> <span class='ocrx_word' id='word_1_252' title='bbox 1199 2736 1408 2799; x_wconf 89' lang='lat' dir='ltr'>opperiri</span> <span class='ocrx_word' id='word_1_253' title='bbox 1426 2771 1436 2790; x_wconf 89' lang='lat'>,</span> <span class='ocrx_word' id='word_1_254' title='bbox 1490 2735 1707 2782; x_wconf 86' lang='lat' dir='ltr'>fiduciam</span> <span class='ocrx_word' id='word_1_255' title='bbox 1755 2734 1977 2782; x_wconf 82' lang='lat' dir='ltr'>habentes</span> 
     </span>
    </p>
   </div>
  </div>
 </body>
</html>
