1979 3348
503 181 756 221 EINHARDI
788 183 1019 224 CHARTAE.
1401 186 1477 225 415

65 262 302 327 quinatos,
327 262 580 309 admonere
601 261 817 326 dignatus
834 274 919 318 est,
941 263 1102 310 dicens
1121 284 1130 309 :
1152 264 1265 311 Date
1282 265 1475 313 eleemo-

65 357 255 404 synam,
285 350 331 387 et
356 357 461 386 ecce
485 340 645 387 omnia
667 340 841 386 munda
866 351 977 387 sunt
1005 341 1169 397 vobis;
1196 352 1241 389 et
1267 343 1440 389 iterum
1463 363 1473 388 :

64 418 222 465 Facite
240 416 373 464 vobis
397 418 572 465 amicos
595 417 652 464 de
673 434 942 463 mammona
968 419 1253 482 iniquitatis,
1284 421 1363 484 qui
1395 438 1477 467 vos

65 495 296 558 recipiant
317 495 363 540 in
385 505 559 541 aeterna
583 494 899 541 tabernacula.
929 495 1110 543 Idcirco
1130 513 1234 552 nos,
1262 497 1309 543 in
1332 498 1476 560 ipsius

66 572 149 619 Dei
187 573 540 635 Omnipotentis
578 583 625 619 et
658 573 741 618 ista
772 571 984 635 jubentis
1011 576 1233 632 nomine,
1266 575 1475 622 Einhar-

64 650 149 695 dus
188 659 233 695 et
267 651 431 706 Imma,
465 650 604 695 simul
637 649 693 696 de
722 649 867 696 salute
904 650 1168 698 animarum
1206 663 1476 699 nostrarum

67 727 326 790 cogitantes
345 764 356 783 ,
389 738 436 774 et
464 727 520 773 de
555 725 800 773 abolendis
832 727 1034 791 peccatis
1063 729 1266 787 nostris,
1300 729 1478 777 bcatae—

66 822 157 868 que
173 822 225 850 ac
245 815 485 868 perpetuae
507 805 618 850 vitae
638 804 845 868 praemiis
863 805 1205 869 consequendis
1223 807 1322 870 pari
1343 808 1480 854 devo·-

67 882 198 928 tione
223 891 493 936 tractantes,
522 879 612 928 hoc
636 890 973 927 testamentum
994 881 1146 928 facere
1170 881 1477 930 decrevimus.

66 959 154 1004 Per
186 956 314 1022 quod
343 966 599 1021 spontanea
635 967 681 1004 et
723 957 905 1021 integra
942 958 1186 1005 voluntate
1221 958 1478 1015 donamus,

67 1036 197 1100 quod
223 1035 282 1082 ab
308 1034 534 1084 hodierna
566 1035 641 1083 die
665 1035 896 1082 donatum
929 1053 1023 1083 esse
1049 1036 1286 1095 volumus,
1320 1038 1365 1084 id
1392 1049 1480 1097 est,

68 1108 232 1155 cellam
273 1109 423 1156 nostri
461 1111 580 1172 juris
620 1108 851 1157 vocabulo
891 1109 1218 1167 Michlenstat,
1260 1111 1396 1158 sitam
1432 1112 1481 1159 in

67 1203 186 1250 pago
204 1185 479 1250 Plumgowe
505 1186 605 1250 (1),
641 1187 689 1232 in
715 1186 830 1232 silva
861 1204 968 1252 quae
1002 1187 1178 1234 dicitur
1205 1188 1483 1237 Odenewalt

67 1282 208 1328 super
260 1264 459 1310 fluvium
510 1265 864 1330 Mimilingum,
921 1282 1065 1330 quam
1112 1267 1252 1313 nobis
1300 1267 1483 1332 glorio-

69 1343 274 1389 sissimus
299 1343 518 1407 princeps
537 1343 743 1390 domnus
764 1343 1074 1392 Hludowicus
1101 1346 1365 1410 Imperator
1389 1347 1484 1392 lar-

69 1422 253 1486 gissima
276 1420 555 1469 liberalitate
565 1422 822 1487 concessit,
841 1434 887 1470 et
903 1423 1075 1487 dejure
1092 1441 1176 1470 suo
1196 1425 1244 1471 in
1262 1436 1482 1472 nostrum

61 1501 138 1563 jus
163 1499 362 1546 solemni
387 1498 646 1547 donatione
669 1500 929 1557 transtulit,
962 1519 1014 1547 ac
1036 1502 1261 1566 praecepti
1287 1503 1357 1548 sui
1379 1519 1485 1548 auc-

70 1583 261 1630 toritate
290 1583 337 1628 in
363 1583 706 1647 proprietatem
733 1582 871 1630 nobis
894 1585 1208 1631 confirmavit.
1239 1586 1397 1643 Hanc,
1432 1597 1486 1631 ut

69 1661 299 1719 diximus,
327 1661 493 1708 cellam
518 1661 604 1707 sub
634 1662 904 1726 integritate
932 1679 1040 1709 cum
1065 1661 1289 1708 omnibus
1314 1680 1487 1727 appen-

69 1738 202 1785 diciis
235 1749 283 1785 et
315 1739 532 1785 terminis
557 1739 675 1799 suis,
705 1750 752 1786 et
775 1757 884 1786 cum
914 1738 1139 1788 omnibus
1169 1739 1224 1786 ad
1257 1757 1304 1787 se
1333 1741 1485 1804 perti—

71 1814 322 1872 uentibus,
352 1815 399 1861 id
418 1825 512 1871 est,
543 1814 746 1862 basilicis
761 1851 777 1876 ,
797 1815 1044 1873 domibus,
1067 1816 1344 1881 caeterisque
1369 1816 1487 1864 aedi-

73 2000 138 2034 par
155 1987 355 2031 Tolnerus‚
379 1987 468 2024 cod.
489 1988 638 2035 diplom.
654 1989 819 2024 Palatin.
832 2017 839 2031 ,
858 2001 940 2036 pag.
954 1987 978 2024 6
995 1995 1032 2024 et
1048 2000 1082 2037 7,
1103 1995 1140 2024 et
1156 2001 1223 2036 par
1239 1989 1465 2026 Weinckens
1476 2020 1484 2034 ,

73 2051 162 2086 dans
185 2063 250 2086 son
269 2052 506 2099 Eginlzartus
529 2053 756 2096 illustratus,
784 2066 819 2100 p.
849 2052 923 2087 106.
945 2054 993 2088 Le
1010 2053 1160 2097 Coinle,
1188 2053 1252 2101 qui
1275 2053 1308 2088 la
1334 2055 1487 2101 regal-dc

74 2127 215 2150 comme
233 2115 364 2159 fausse,
385 2117 527 2151 Annal.
551 2117 680 2152 eccles.
698 2117 848 2158 Frauc„
871 2117 986 2160 VIII,
1010 2129 1092 2160 110,
1113 2123 1150 2152 et
1169 2117 1330 2161 Eckard,
1351 2118 1486 2154 Franc.

74 2181 219 2221 orient„
239 2180 293 2223 ΙΙ,
320 2179 405 2223 153,
434 2193 478 2215 en
496 2187 561 2216 ont
580 2180 702 2215 donne
725 2180 788 2216 des
806 2181 1021 2228 fragments.
1050 2181 1152 2216 Nous
1174 2180 1207 2216 la
1230 2181 1489 2229 reimprimons

75 2243 215 2290 d'apres
235 2243 268 2278 le
293 2244 420 2279 Codex
439 2244 694 2288 Lauresham.‚
714 2251 804 2279 tom.
825 2245 860 2288 Ι,
882 2257 918 2291 p.
938 2243 1001 2288 46,
1022 2249 1064 2279 n⁰
1083 2257 1139 2279 xx.

122 2306 174 2352 (1)
199 2307 247 2341 Le
277 2319 361 2354 pays
383 2307 429 2343 de
450 2308 708 2351 Phlumheim,
736 2308 830 2355 petit
856 2320 956 2355 pays,
981 2321 1104 2355 pagus
1132 2311 1259 2352 minor,
1289 2309 1383 2343 situe
1401 2308 1489 2344 dans

78 2371 110 2405 la
142 2372 258 2418 partie
292 2372 515 2408 occidentale
545 2373 590 2409 de
626 2373 858 2409 l'Odenwald
871 2402 880 2417 ‚
912 2385 982 2409 aux
1017 2374 1187 2409 environs
1217 2373 1262 2408 de
1294 2373 1327 2407 la
1358 2373 1489 2407 riviere

79 2437 124 2471 de
147 2436 350 2484 Miimling,
375 2439 640 2485 mimilingum,
668 2439 955 2486 Illz'miningalze,
981 2438 1101 2474 faisait
1119 2437 1236 2484 partie
1256 2437 1306 2470 du
1327 2448 1413 2482 pays
1438 2436 1488 2470 du

80 2500 193 2535 Mein.
217 2500 340 2546 Voyez
362 2500 395 2535 ci
417 2500 559 2545 dessus,
582 2514 616 2548 p.
645 2503 726 2545 410,
747 2509 833 2537 note
859 2502 892 2537 5.
917 2504 964 2537 Le
979 2501 1053 2536 lieu
1069 2502 1216 2535 nomme
1236 2499 1485 2543 Phlumheim,

80 2556 144 2604 qui
155 2555 207 2590 lui
225 2555 377 2590 donnait
392 2568 456 2591 son
474 2569 572 2601 nom,
586 2556 754 2603 s'appelle
768 2557 1002 2603 aujourd'hui
1017 2554 1260 2597 Flaumheim,
1273 2556 1293 2588 a
1305 2566 1375 2588 une
1393 2554 1489 2589 liene

82 2619 118 2655 S.
141 2618 370 2663 d'Ostheim,
390 2619 479 2654 dans
497 2620 530 2654 le
548 2619 663 2667 grand
680 2619 800 2654 duche
818 2620 862 2656 de
881 2621 994 2655 Hesse
1018 2617 1236 2653 Darmstadt.
1261 2618 1381 2663 Vovcz
1405 2619 1490 2652 Bes-

84 2683 202 2725 sellus,
228 2695 308 2729 pag.
329 2682 409 2730 730,
435 2695 475 2718 no
493 2695 625 2717 ccctw.
