2105 3348
600 252 649 290 0⁴
1028 244 1280 285 EINHARDI
1313 243 1583 283 EPISTOLAE.

1036 392 1109 430 LII
1129 395 1199 441 (1).
1226 392 1292 429 An
1324 390 1571 429 EUMDEM.

666 504 757 548 Pro
788 497 994 564 quodam
1012 496 1082 559 (2)
1106 495 1258 542 amico
1283 505 1328 542 et
1353 494 1582 541 familiare
1604 510 1711 541 meo
1743 493 1804 540 N.
1840 492 2012 540 videli-

603 590 692 635 cet,
709 576 842 624 fidele
859 585 1034 630 vestro,
1050 573 1214 637 pietati
1232 583 1400 619 vestrae
1419 571 1683 636 supplicare
1701 570 1811 618 volo
1830 582 1883 616 ut
1905 588 2010 617 eum

602 657 834 720 suscipere
859 651 1139 717 dignemini,
1170 660 1241 707 et,
1269 649 1458 715 quando
1485 650 1533 695 in
1560 659 1735 695 vestras
1767 665 1935 694 manus
1968 665 2014 694 se

600 732 1021 787 commendaverit,
1045 729 1250 794 aliquam
1278 728 1655 775 consolationem
1682 728 1722 774 ei
1754 726 1934 772 faciatis
1958 726 2015 773 de

599 812 839 862 beneflciis
858 829 965 876 quae
982 809 1075 867 hic,
1095 808 1144 854 in
1161 816 1322 853 nostra
1340 806 1530 862 vicinia,
1551 806 1766 852 absoluta
1784 816 1830 851 et
1855 814 2014 868 aperta

600 910 695 940 esse
730 899 1013 938 noscuntur.
1052 888 1135 933 Est
1166 885 1295 932 enim
1328 883 1473 931 homo
1499 883 1675 931 nobilis
1697 895 1743 930 et
1776 882 1918 930 bonae
1939 883 2013 946 (5)

600 969 734 1024 fidei,
771 967 894 1013 bene
923 980 1114 1030 quoque
1144 961 1312 1009 doctus
1340 961 1397 1007 ad
1431 960 1734 1007 serviendum
1768 959 1934 1005 utilius
1964 960 2013 1005 in

599 1047 935 1113 qualicumque
959 1043 1153 1107 negotio
1171 1039 1302 1106 quod
1322 1040 1361 1086 ei
1381 1039 1528 1086 fuerit
1554 1039 1840 1103 injunctum.
1863 1037 2018 1084 Servi-

598 1125 668 1171 vit
698 1124 825 1170 enim
850 1139 936 1169 avo
968 1131 1014 1167 et
1048 1118 1170 1184 patri
1203 1127 1361 1164 vestro
1393 1116 1597 1163 fideliter
1623 1125 1670 1162 et
1697 1125 1921 1161 strenue:
1951 1114 2017 1159 sic

599 1212 646 1249 et
662 1199 797 1248 vobis
818 1199 968 1245 facere
988 1207 1178 1262 paratus
1199 1205 1292 1252 est,
1316 1194 1352 1240 si
1382 1194 1506 1240 Deus
1530 1192 1599 1238 illi
1631 1193 1778 1238 vitam
1808 1201 1855 1238 et
1889 1191 2018 1237 sani—

600 1288 744 1325 tatem
769 1274 1029 1323 concedere
1055 1273 1282 1320 voluerit.
1313 1271 1434 1318 Nam
1463 1269 1615 1316 adhuc
1638 1268 1771 1315 valde
1799 1267 2018 1314 infirmus

597 1368 684 1414 est,
707 1367 753 1403 et
778 1355 883 1402 ideo
902 1371 1000 1400 non
1021 1362 1177 1417 potest
1196 1351 1252 1398 ad
1265 1362 1469 1398 vestram
1490 1349 1794 1414 praesentiam
1818 1347 1981 1394 venire
2003 1366 2013 1392 :

596 1435 752 1482 veniet
783 1450 892 1479 cum
923 1432 1136 1496 primum
1158 1430 1386 1492 potuerit.
1421 1426 1628 1474 Proinde
1658 1443 1830 1491 precor
1862 1425 2015 1490 pieta—

599 1523 695 1559 tem
727 1520 930 1557 vestram
956 1518 1010 1554 ut
1033 1525 1108 1554 me
1134 1507 1252 1552 scire
1281 1505 1566 1570 permittatis
1591 1503 1708 1569 quid
1734 1502 1801 1548 illi
1831 1499 1888 1548 de
1915 1519 2019 1548 ves-

597 1601 685 1636 trae
706 1587 934 1635 bonitatis
958 1594 1091 1651 parte
1110 1584 1394 1648 promittere
1420 1582 1595 1647 possim
1607 1599 1620 1637 ;
1644 1591 1698 1626 ut
1724 1580 1773 1626 in
1793 1578 1918 1626 bona
1938 1596 2018 1642 spe

597 1667 750 1720 vivat,
776 1664 928 1712 donec
951 1664 1007 1710 ad
1030 1673 1235 1710 vestram
1259 1661 1533 1726 pervenerit
1563 1659 1882 1724 praesentiam.

676 1982 696 2000 *
714 1978 823 2017 LIII.
857 1977 924 2015 AD
952 1974 1338 2014 HLUDOWICUM
1367 1973 1628 2013 BAJOARIAE
1658 1973 1844 2012 REGEM
1865 1972 1932 2024 (4).

662 2081 786 2146 [Oro
800 2081 1097 2128 clementiam
1113 2079 1337 2143 D0]mini
1355 2078 1446 2125 mei
1464 2077 1790 2143 gloriosissimi
1809 2077 1931 2142 regis
1949 2094 2009 2124 ne

642 2221 694 2269 (ι)
721 2222 805 2256 Haec
818 2221 926 2268 epist.
943 2220 1010 2255 sub
1028 2233 1130 2256 num.
1146 2232 1178 2255 ιι
1198 2221 1236 2255 in
1253 2219 1341 2256 edit.
1363 2226 1527 2255 notatur.

643 2282 695 2329 (2)
721 2280 813 2316 Cod.
832 2280 995 2328 quidam.

643 2341 693 2388 (5)
719 2341 810 2377 Cod.
834 2341 934 2375 bene.

642 2402 691 2448 (4)
719 2401 771 2435 De
790 2400 868 2445 ejus
886 2398 1042 2446 epistolae
1059 2405 1161 2434 textu
1177 2398 1406 2435 restituendo
1422 2411 1553 2446 magna
1568 2397 1672 2433 nobis
1688 2396 1904 2433 occurrebat
1919 2394 2013 2430 diffi-

594 2462 708 2498 cultas
725 2490 734 2505 ,
766 2468 846 2496 tum
878 2466 1028 2506 propter
1057 2459 1276 2506 peculiarem
1304 2459 1469 2506 ejusdem
1502 2459 1693 2494 materiam
1710 2486 1719 2502 ‚
1751 2464 1832 2493 tum
1860 2463 2013 2504 propter

595 2520 815 2567 multiplices
833 2518 978 2553 lacunas
995 2529 1073 2565 quae
1093 2519 1356 2553 sententiarum
1375 2519 1506 2554 seriem
1518 2546 1527 2561 ‚
1549 2529 1695 2566 quaque
1712 2517 1808 2551 linea
1820 2544 1829 2560 ‚
1852 2515 2010 2550 disrum-

594 2588 698 2629 punt.
727 2580 888 2615 Conatus
902 2584 1044 2612 nostros
1062 2577 1255 2612 benevolus
1270 2578 1385 2613 lector
1401 2578 1599 2613 clementer
1615 2577 1799 2624 excipiens
1816 2588 1835 2609 e
1855 2574 2006 2621 regione

594 2650 697 2677 notas
717 2640 860 2687 gallicas
878 2638 997 2673 videat
1014 2645 1051 2673 et
1064 2637 1109 2673 cf.
1134 2639 1258 2673 Vitam
1275 2639 1527 2674 Ludovicz'Pii
1541 2638 1585 2673 ab
1604 2649 1786 2684 anonymo
1806 2648 1884 2682 cap.
1900 2646 2008 2669 xtvui

595 2701 632 2734 in
651 2700 720 2734 sinc
736 2712 792 2745 ap.
811 2697 857 2732 D.
875 2697 991 2744 Bouq.
1017 2697 1084 2739 VI,
1111 2710 1121 2730 ι
1134 2699 1193 2739 ῐ4;
1214 2704 1449 2745 nostramque
1467 2696 1645 2731 Einhardi
1664 2696 1775 2731 vitam
1794 2694 1839 2729 ad
1860 2692 2007 2728 initium

598 2760 728 2805 prioris
745 2757 950 2793 voluminis.
