2105 3348
627 244 701 279 298
916 238 1154 275 HISTORIA
1185 237 1608 284 TRANSLATIOLNIS,
1641 252 1721 277 mc.

626 318 854 365 moderno
882 327 1092 378 tempore
1113 315 1354 361 wisibada
1382 316 1456 378 (a)
1485 326 1700 372 vocatur,
1729 316 1790 362 ibi
1822 317 2027 362 mansio-

626 413 735 443 nem
760 393 1024 450 habiturus,
1048 393 1231 440 adveni.
1261 392 1329 438 Ibi
1356 411 1482 449 cum,
1510 404 1706 456 propter
1731 394 1918 451 saltum,
1946 395 2026 457 qui

626 471 775 518 eidem
800 470 905 517 loco
937 470 1186 534 contiguus
1217 480 1308 525 est,
1340 470 1635 517 commodius
1662 470 1998 516 transeundum
2015 505 2026 525 ,

626 549 766 595 solito
785 549 1014 593 maturius
1033 565 1328 612 surgeremus
1346 583 1357 604 ‚
1392 547 1591 612 profecti
1627 560 1737 594 sunt
1764 549 1924 612 pueri,
1950 548 2030 612 qui

627 643 711 672 nos
730 642 838 670 cum
860 626 1207 689 impedimentis
1223 624 1488 688 praecedere
1503 624 1784 672 debuerunt.
1804 625 1892 672 Sed
1914 635 2034 688 post-

626 722 791 769 quam,
814 704 870 750 de
892 705 996 750 vico
1018 705 1064 750 in
1083 720 1182 768 quo
1202 705 1458 750 mansimus
1480 704 1678 768 egressi,
1701 704 1822 748 viam
1845 720 2033 765 carpere

628 792 905 844 coeperunt,
929 791 1055 826 tanta
1081 798 1159 827 eos
1185 792 1321 827 tetrae
1343 782 1497 827 noctis
1522 781 1672 845 caligo
1697 779 2031 834 circumdedit,

629 868 681 903 ut
699 875 795 921 quo
814 875 860 904 se
877 870 1059 905 vertere
1076 857 1305 905 deberent
1318 894 1329 913 ,
1353 860 1554 905 omnino
1574 858 1692 904 scire
1712 875 1808 904 non
1831 868 2033 921 possent.

628 935 745 981 Erat
777 946 1004 998 praeterea
1042 935 1189 1000 frigus
1226 937 1421 1001 ingens3
1459 947 1508 982 et
1542 946 1662 982 tecta
1700 935 1886 999 pruinis
1914 945 2035 981 terra

628 1012 841 1059 videndae
859 1014 947 1060 viae
968 1015 1153 1077 copiam
1170 1013 1442 1078 denegabat.
1466 1016 1567 1076 Ipsa
1586 1031 1778 1078 quoque
1798 1013 2037 1059 montium

620 1091 730 1153 juga
748 1125 759 1144 ‚
784 1108 869 1153 per
892 1108 999 1154 quae
1026 1091 1235 1137 eundum
1259 1102 1385 1146 erat,
1419 1090 1626 1137 nubibus
1657 1090 1840 1137 obsessa
1858 1126 1870 1145 ,
1896 1108 2038 1155 quam

628 1167 768 1232 longe
795 1168 867 1215 vel
897 1186 1047 1232 prope
1078 1180 1229 1215 essent
1261 1169 1405 1215 videri
1440 1186 1539 1215 non
1565 1178 1805 1231 poterant.
1834 1168 2041 1214 Accessit

628 1243 685 1289 ad
708 1242 805 1290 haec
820 1246 960 1292 etiam
976 1244 1175 1291 vallibus
1201 1245 1406 1292 insidens
1432 1244 1602 1292 nebula
1619 1281 1634 1304 ‚
1659 1262 1764 1310 quae
1785 1281 1796 1301 ‚
1815 1262 1893 1290 sua
1921 1262 2040 1290 cras-

627 1319 834 1367 situdine
862 1323 1015 1368 visum
1046 1322 1333 1386 impediens,
1367 1324 1457 1370 iter
1487 1323 1647 1370 moliri
1687 1323 1928 1385 cupientes
1962 1340 2041 1368 re-

627 1398 921 1445 morabatur.
943 1400 1033 1460 Qui
1055 1418 1163 1446 cum
1183 1411 1256 1447 tot
1280 1399 1533 1447 obstaculis
1558 1418 1604 1448 se
1625 1400 1853 1464 impedire
1874 1418 2042 1447 cerne-

628 1487 763 1532 rent,
790 1494 877 1524 nec
908 1478 1022 1542 quid
1050 1490 1243 1543 agerent
1277 1479 1323 1524 in
1358 1489 1583 1541 promptu
1618 1477 1878 1532 haberent,
1910 1477 2041 1541 equis

628 1554 877 1611 desiliunt,
913 1565 957 1602 et
993 1556 1138 1610 viam,
1172 1573 1313 1620 quam
1340 1555 1498 1602 videre
1532 1573 1629 1601 non
1664 1564 1909 1618 poterant,
1939 1554 2043 1616 pal-

629 1632 785 1694 pando
806 1650 1020 1696 quaerere
1045 1643 1248 1679 tentant.
1275 1632 1362 1679 Sed
1388 1632 1469 1678 ubi
1497 1632 1586 1679 hoc
1608 1650 1777 1696 parum
1803 1632 2040 1686 successit,

627 1710 824 1756 ascensis
848 1710 1005 1758 denuo
1032 1712 1163 1775 equis
1181 1747 1192 1767 ,
1228 1711 1411 1767 errori,
1445 1728 1588 1775 quem
1621 1709 2040 1763 abominabantur,

630 1805 676 1833 se
700 1788 857 1849 potius
882 1789 1180 1835 committere
1198 1825 1209 1844 ‚
1236 1806 1377 1853 quam
1401 1806 1556 1835 moras
1581 1787 1735 1834 facere
1759 1787 2040 1834 decernunt.

631 1863 782 1926 Igitur
801 1863 1048 1927 paululum
1068 1882 1151 1928 per
1168 1864 1385 1911 tenebras
1410 1864 1735 1928 procedentes,
1758 1863 1815 1909 ad
1835 1880 2041 1920 crucem,

629 1957 737 2005 quae
762 1940 808 1985 in
829 1941 897 1986 via
911 1977 925 1999 ,
952 1959 1036 2004 per
1054 1960 1196 2007 quam
1217 1942 1330 1987 ituri
1352 1951 1512 1997 erant,
1541 1940 1604 1988 ob
1623 1941 1903 1988 memoriam
1920 1938 2044 1986 beati

629 2017 892 2064 Marcellini
919 2028 1018 2065 erat
1038 2019 1218 2083 posita,
1248 2020 1552 2083 perveniunt.
1578 2019 1721 2064 Causa
1749 2029 1908 2065 autem
1931 2019 2045 2081 ejus-

629 2093 733 2141 dem
760 2097 911 2142 crucis
932 2095 995 2143 ibi
1021 2097 1257 2161 ponendae
1276 2110 1403 2154 erat,
1428 2097 1559 2162 quod
1589 2098 1638 2144 in
1662 2114 1718 2144 eo
1742 2097 1850 2144 loco
1869 2095 2046 2142 habita-

631 2183 757 2220 tores
785 2174 902 2232 vici‚
930 2175 979 2220 in
1004 2193 1100 2239 quo
1124 2175 1283 2222 eadem
1310 2187 1451 2223 nocte
1479 2176 1760 2228 mansimus,
1794 2173 1909 2219 mihi
1937 2183 2045 2219 ante

631 2248 879 2296 biennium
899 2251 955 2298 de
977 2251 1150 2315 palatio
1173 2254 1426 2299 revertenti
1444 2288 1456 2308 ,
1480 2263 1525 2299 et
1544 2252 1765 2316 reliquias
1782 2250 1905 2298 beati
1925 2268 2045 2296 mar-

632 2329 751 2393 tyris
771 2328 1053 2384 Marcellini,
1069 2347 1177 2394 quae
1193 2340 1308 2376 tunc
1327 2329 1441 2375 mihi
1462 2329 1659 2376 redditae
1676 2329 1891 2385 fuerunt,
1911 2327 2044 2375 defe-

632 2406 784 2461 renti,
823 2417 1163 2460 occurrerunt3
1189 2423 1382 2469 eamque
1406 2406 1469 2453 ob
1497 2405 1875 2452 recordationem
1909 2404 2045 2468 huius

631 2482 760 2538 facti,
783 2483 837 2529 ad
858 2481 1209 2530 venerationem
1230 2482 1350 2530 beati
1374 2484 1618 2548 Martyris,
1643 2484 1774 2548 quasi
1796 2500 1884 2546 pro
1905 2481 2044 2528 titulo

682 2684 730 2727 (a)
758 2682 812 2717 Al.
848 2682 1094 2725 Wisilmdanr,
1125 2682 1159 2715 id
1188 2690 1241 2716 cst
1271 2683 1380 2716 Alboe
1412 2684 1566 2717 lmlneoe.
1593 2684 1713 2729 Aqum
1743 2682 1935 2716 Matriacoe
1953 2683 2043 2727 apud

636 2749 686 2776 vc!
695 2755 782 2777 cres.
