2105 3348
594 349 665 384 182
892 342 1134 381 HISTORIA
1164 341 1576 389 TRANSLATIOEIS,
1607 355 1685 380 me.

584 425 716 489 jussi.
732 424 881 487 Igitur
898 421 954 467 de
968 420 1251 485 Aquisgrani
1264 419 1438 484 palatio
1451 419 1651 483 profecti
1664 449 1725 457 —-
1736 438 1844 466 nam
1864 420 1926 467 ibi
1943 439 1999 468 eo

593 513 805 565 tempore
822 500 995 562 impera
1005 508 1081 545 tor
1095 515 1203 544 cum
1218 515 1302 545 suo
1318 498 1548 544 comitam
1568 498 1999 563 erat—Augustam

591 579 894 625 Suessionum
933 586 1191 633 venerunt3
1240 575 1400 640 ibique
1435 593 1542 621 cum
1579 575 1807 623 Hildoino
1833 577 2001 624 abbate

590 658 636 703 in
663 655 953 703 monasterio
987 656 1036 701 S.
1071 653 1281 702 Medardi
1314 654 1461 702 locuti
1498 664 1609 700 sunt
1630 689 1641 709 ‚
1677 655 1787 718 quia
1821 672 2003 702 memo-

588 742 716 779 ratus
751 731 975 779 diaconus
1010 732 1049 777 ei
1084 731 1324 795 pollicitus
1352 741 1445 788 est,
1478 749 1524 777 se
1557 731 1737 777 efficere
1762 748 1921 795 posse,
1950 742 2003 776 ut

587 827 758 874 corpus
783 808 906 856 beati
927 808 1139 856 Tiburtii
1153 846 1166 866 ,
1190 811 1413 875 martyris
1427 846 1439 867 ‚
1459 811 1506 856 in
1523 812 1620 873 ejus
1639 810 1826 856 veniret
1844 820 2004 873 potes-

589 897 750 935 tatem.
781 886 965 947 Quibus
985 887 1062 934 ille
1083 886 1481 952 promissionibus
1508 887 1716 944 illectus,
1738 887 1868 934 misit
1895 905 2005 934 cum

591 966 654 1013 eis
684 966 937 1031 quemdam
961 965 1323 1030 presbyterum,
1360 965 1604 1012 hominem
1633 965 1882 1022 callidum,
1915 983 2006 1012 no-

592 1044 721 1090 mine
750 1045 970 1101 Hunum‚
999 1043 1173 1108 jubens
1205 1054 1259 1089 ut
1292 1053 1537 1108 acceptum
1569 1043 1627 1089 ab
1666 1061 1721 1091 eo
1753 1043 2004 1090 memorati

593 1122 817 1186 martyris
843 1138 1016 1186 corpus
1045 1121 1131 1167 sibi
1161 1121 1385 1168 deferret.
1406 1121 1520 1168 Inde
1545 1122 1634 1168 iter
1662 1122 1877 1185 ingressi,
1905 1121 2009 1168 Ro-

592 1217 736 1255 mam,
757 1209 933 1263 quanta
960 1209 1223 1263 potuerunt
1243 1199 1500 1256 celeritate,
1523 1209 1856 1262 perrexerunt.

655 1365 703 1409 4.
742 1362 958 1427 Contigit
980 1373 1163 1417 autem,
1186 1371 1438 1426 postquam
1472 1360 1652 1405 ltaliam
1681 1359 2006 1414 intraverunt,

592 1449 645 1485 ut
682 1456 801 1503 puer
832 1439 1007 1486 notarii
1042 1439 1159 1495 mei,
1192 1439 1389 1485 nomine
1419 1437 1768 1502 Regiubaldus,
1808 1437 2009 1484 tertiana

592 1516 726 1564 febre
762 1527 1010 1581 correptus
1025 1552 1037 1572 ,
1078 1535 1177 1564 non
1223 1517 1468 1564 modicum
1513 1516 1804 1580 profectioni
1843 1533 2010 1562 eorum

593 1595 685 1640 suis
723 1593 967 1641 laboribus
997 1594 1173 1642 faceret
1204 1594 1631 1658 impedimentum3
1669 1597 1899 1657 quoniam
1939 1592 2009 1638 his

594 1672 742 1730 horis,
754 1671 927 1738 quibus
945 1672 1024 1719 ille
1041 1672 1250 1719 febrium
1270 1671 1462 1718 aestibus
1476 1671 1745 1725 tenebatur,
1771 1671 1861 1718 iter
1875 1687 2011 1735 agere

596 1766 695 1798 non
720 1759 1000 1814 potuerunt.
1022 1752 1171 1797 Erant
1183 1750 1310 1796 enim
1328 1749 1490 1813 pauci,
1512 1766 1564 1795 ac
1588 1766 1672 1812 per
1690 1746 1780 1796 hoc
1802 1747 1860 1793 ab
1882 1748 2010 1793 invi-

595 1846 697 1876 cem
719 1828 919 1891 separari
952 1825 1197 1874 nolebant.
1219 1827 1434 1891 Cumque
1455 1825 1545 1873 hoe
1579 1824 1888 1872 incommodo
1921 1826 2012 1871 iter

595 1905 788 1952 illorum
809 1921 909 1950 non
927 1904 1232 1951 mediocriter
1251 1904 1415 1950 fuisset
1435 1902 1747 1959 retardatum,
1764 1902 1831 1948 illi
1853 1912 2012 1949 tamen

592 1993 739 2048 prout
768 1992 992 2046 poterant
1016 1982 1132 2028 illud
1162 1982 1420 2028 accelerare
1444 1980 1794 2028 contenderent
1812 2017 1823 2037 ‚
1853 1979 2008 2026 tribus

590 2059 755 2107 diebus
773 2060 1049 2124 priusquam
1066 2059 1123 2106 ad
1141 2059 1321 2107 Urbem
1341 2060 1578 2115 venirent,
1602 2060 1822 2123 apparuit
1845 2059 1892 2105 in
1906 2059 2009 2104 visu

593 2137 662 2184 illi
686 2135 979 2183 febricitanti
997 2136 1190 2202 quidam
1213 2137 1356 2184 homo
1390 2138 1437 2184 in
1465 2136 1632 2184 habitu
1669 2138 1881 2194 diaconi,
1906 2155 2010 2201 per-

593 2214 788 2278 quirens
809 2211 868 2259 ab
891 2230 947 2260 eo
968 2231 1111 2278 quam
1132 2214 1196 2262 ob
1213 2232 1318 2262 rem
1334 2215 1556 2262 dominus
1583 2232 1692 2261 suus
1717 2217 1916 2261 Romam
1943 2215 2010 2260 ire

595 2289 870 2338 festinaret?
887 2292 972 2336 Cui
993 2308 1102 2337 cum
1117 2293 1195 2339 ille
1209 2305 1257 2339 et
1276 2294 1505 2357 promissa
1516 2293 1703 2339 diaconi
1723 2293 1780 2339 de
1802 2292 2013 2357 reliquiis

596 2379 869 2415 sanctorum
903 2370 1020 2415 mihi
1058 2371 1332 2428 mittendis,
1366 2382 1413 2418 et.
1445 2371 1501 2417 de
1538 2370 1606 2417 his
1639 2388 1748 2435 quae
1784 2370 2014 2417 Hildoino

596 2444 756 2492 abbati
774 2446 1014 2509 pollicitus
1033 2458 1126 2503 est,
1154 2458 1298 2511 prout
1320 2448 1386 2495 illi
1413 2459 1655 2512 comperta
1677 2459 1813 2495 erant
1831 2484 1844 2504 ,
1871 2465 2014 2512 expo-

597 2535 748 2571 neret.
762 2554 826 2559 -—
844 2524 991 2571 «Non
1013 2525 1072 2570 ita
1091 2527 1206 2582 erit,
1228 2527 1402 2592 iuquit,
1423 2526 1503 2574 sed
1526 2526 1667 2591 longe
1686 2527 1849 2583 aliter,
1870 2544 2015 2592 quam

594 2619 676 2648 vos
688 2602 981 2657 existimatis,
1001 2620 1264 2660 causarum,
1285 2614 1485 2669 propter
1500 2622 1613 2669 quas
1628 2605 1841 2661 venistis,
1862 2604 2013 2651 exitus

593 2679 948 2743 adimplebitur.
994 2680 1114 2725 Nam
1148 2680 1374 2728 diaconus
1416 2683 1501 2729 iste
1516 2718 1528 2738 ,
1566 2683 1645 2746 qui
1691 2699 1770 2729 vos
1812 2683 2013 2728 Romam

592 2758 753 2803 venire
779 2759 984 2822 rogavit,
1005 2769 1086 2804 aut
1102 2777 1268 2823 parum
1283 2796 1294 2815 ‚
1315 2773 1396 2806 aut
1420 2760 1538 2806 nihii
1561 2759 1617 2807 de
1635 2760 1705 2806 his
1720 2796 1730 2815 ,
1749 2777 1856 2824 quae
1877 2758 2012 2806 vobis

589 2835 835 2897 promisit,
873 2835 1082 2882 facturus
1108 2847 1197 2892 est;
1228 2855 1278 2883 ac
1307 2838 1510 2900 proinde
1541 2837 1651 2885 volo
1678 2837 1883 2901 sequaris
1910 2853 2010 2892 me,
