1979 3348
562 203 820 243 APPENDIX
852 204 1020 243 PRIOR.
1420 207 1486 242 151

81 279 191 338 patri
212 278 305 331 Illi,
325 278 401 322 Ille
427 280 601 325 humilis
622 282 684 325 illi
711 282 877 333 abbati,
906 283 948 323 in
972 282 1159 324 Domino
1191 282 1491 340 sempiternam

80 355 272 398 salutem.
300 381 359 388 -
378 357 476 400 Duo
507 360 621 401 enim
655 359 781 402 simul
816 368 960 400 nostro
988 368 1210 400 versantur
1241 359 1284 401 in
1321 359 1490 407 animo,

80 433 305 476 admiratio
326 433 521 478 videlicet
535 446 575 479 ct
589 437 774 488 tristitia,
791 451 939 493 quare,
959 436 1060 493 quia
1074 445 1299 494 postquam
1314 450 1337 477 a
1355 444 1490 478 vestra

79 511 308 555 dilectione
331 529 511 572 corpore
526 548 536 565 ,
561 530 647 556 non
669 523 835 564 mente,
860 513 1039 571 separati
1059 528 1203 554 sumus
1222 547 1231 564 ,
1256 528 1394 571 neque
1419 528 1494 571 per

78 590 254 632 missum
267 623 278 643 ‚
299 606 436 648 neque
454 605 531 648 per
547 589 774 632 mellifluos
796 590 937 648 apices
954 598 1131 639 vestros,
1150 588 1201 631 de
1221 588 1494 631 desiderabili

77 668 357 725 prosperitate
395 676 532 708 vestra
549 700 558 716 ,
587 682 742 724 quam,
780 666 871 708 Deo
906 674 1007 707 teste
1021 698 1031 717 ,
1071 680 1236 723 semper
1271 664 1419 706 audire
1456 675 1497 707 et

76 743 221 785 videre
245 742 558 795 desideramus,
585 745 689 786 certi
711 743 820 786 effici
839 743 1089 785 meruimus.
1110 741 1270 783 Notum
1294 741 1427 797 igitur
1444 741 1497 783 sit

78 821 293 879 sapientiae
314 831 476 874 vestrae,
499 823 723 880 quoniam,
754 838 777 863 v
811 820 894 864 kal.
921 820 1108 878 augusti,
1137 834 1304 861 saumas
1331 828 1496 860 nostras

77 899 270 957 partibus
307 900 452 959 palatii
492 900 678 959 dirigere
713 899 964 959 dispositum
1003 898 1211 940 habemus
1226 931 1236 949 ,
1265 906 1306 939 et
1330 906 1492 954 postea7

75 986 251 1035 propter
280 994 387 1037 opus
409 977 614 1030 ecclesiae,
652 988 735 1021 tres
760 977 850 1020 dies
874 987 982 1020 stare
1000 1011 1010 1030 ,
1035 991 1189 1034 easque
1213 974 1492 1020 festinantem

75 1051 255 1106 deinde,
286 1055 475 1097 Domino
509 1055 764 1106 auxiliante,
802 1056 921 1114 sequi
957 1054 1180 1106 volumus,
1214 1069 1262 1095 ea
1297 1051 1497 1094 videlicet

73 1130 239 1173 ratione
254 1165 264 1183 ,
288 1141 336 1174 ut
359 1149 466 1174 xv111
492 1132 576 1174 kal.
602 1132 851 1192 septembris
875 1131 928 1174 ad
946 1132 1218 1190 Moguntiam
1244 1145 1333 1172 esse
1356 1129 1495 1188 possi-

73 1223 183 1250 mus.
213 1209 322 1252 Nam
336 1244 347 1263 ,
371 1211 404 1252 si
424 1209 546 1252 vobis
568 1209 803 1269 placuerit,
828 1210 937 1252 sicut
958 1208 1211 1267 dispositum
1234 1206 1399 1249 habetis
1415 1239 1425 1257 ,
1449 1215 1496 1247 ut

72 1299 149 1342 per
166 1301 244 1328 nos
263 1287 465 1340 veniatis,
490 1297 594 1329 tunc
611 1320 621 1339 ,
641 1286 876 1330 secundum
895 1285 1159 1329 voluntatem
1182 1294 1364 1327 vestram
1381 1315 1392 1335 ,
1417 1283 1496 1324 iter

73 1372 268 1405 nostrum
291 1363 516 1424 disponere
534 1365 757 1408 habemus.
783 1364 913 1408 Nulla
932 1365 1047 1407 enim
1067 1379 1193 1407 causa
1211 1373 1272 1405 est
1289 1372 1330 1404 et
1348 1361 1496 1419 coeptis

71 1441 224 1500 hisque
244 1458 320 1501 per
343 1443 511 1486 nullum
535 1444 757 1501 ingenium
778 1444 1005 1485 immutare
1024 1457 1264 1501 possumus,
1290 1440 1391 1498 quia
1415 1454 1468 1481 vo
1482 1466 1494 1472 -

70 1517 277 1562 luntatem
295 1530 500 1573 vestram,
526 1522 570 1564 in
599 1530 808 1580 quantum
823 1554 833 1572 ,
856 1519 1028 1562 Christo
1057 1519 1255 1578 auspice,
1279 1516 1491 1567 valemus,

70 1595 196 1639 nobis
212 1596 425 1640 dimittere
441 1598 587 1641 saciat.
607 1598 788 1640 Fuimus
799 1613 984 1656 namque
997 1595 1052 1639 ad
1067 1595 1270 1639 locellum
1285 1604 1490 1643 vestrum,

70 1674 114 1715 in
135 1673 231 1717 loco
252 1676 327 1733 qui
347 1675 506 1719 dicitur
523 1676 618 1729 Ille,
638 1677 778 1735 ipsum
796 1691 993 1718 mansum
1012 1673 1396 1725 consideravimus,
1418 1671 1494 1714 ibi-

69 1766 153 1808 que
177 1762 371 1795 nostrum
400 1763 618 1813 repastum
642 1769 691 1796 ex
712 1763 859 1795 nostro
883 1751 1097 1794 adducere
1119 1750 1400 1810 praecepimus
1418 1782 1428 1799 ‚
1456 1759 1497 1791 et

68 1844 152 1870 una
171 1846 270 1872 cum
300 1832 455 1873 nostris
477 1832 711 1889 vestrisque
734 1830 934 1873 fidelibus
950 1864 960 1881 ,
987 1831 1030 1872 in
1050 1845 1195 1872 amore
1218 1839 1357 1871 vestro
1373 1861 1385 1881 ‚
1404 1827 1494 1870 illic

69 1994 140 2029 Seli
146 1995 327 2041 genstadt.
341 1997 532 2032 Toutefois
551 1997 577 2032 il
593 1997 803 2032 semblerait
815 2008 947 2032 encore
961 2007 1056 2031 assez
1073 1997 1223 2042 etrange
1236 1994 1351 2042 qu'un
1364 1993 1496 2028 hateau

68 2059 205 2107 charge
218 2060 264 2096 de
279 2062 482 2098 materiaux
497 2069 643 2109 pesants
655 2073 749 2109 pour
765 2074 804 2097 ce
817 2061 1024 2096 monastere
1039 2072 1075 2095 se
1088 2060 1146 2095 sut
1156 2059 1275 2094 arrete
1287 2061 1306 2093 a
1319 2057 1496 2093 l’embou-

67 2125 183 2160 cbure
207 2124 253 2161 de
272 2126 305 2161 la
324 2127 422 2175 Sieg,
450 2134 488 2162 et
512 2127 614 2163 n'efit
637 2138 698 2174 pas
725 2127 892 2161 remonte
909 2125 943 2161 le
962 2125 1065 2161 Rhin
1083 2137 1135 2159 un
1154 2137 1225 2172 peu
1249 2123 1332 2171 plus
1349 2123 1442 2158 haut
1458 2130 1494 2157 et

67 2191 209 2225 ensuite
222 2191 256 2226 le
272 2192 371 2227 Mein
389 2192 535 2240 jusqu’a
551 2204 589 2227 sa
608 2191 843 2227 destination.
862 2190 961 2226 C'est
978 2190 1012 2225 la
1033 2202 1105 2224 une
1120 2189 1302 2237 premiere
1320 2187 1495 2222 difficulte'

70 2266 164 2300 pour
186 2256 369 2292 attribuer
391 2264 486 2292 cette
506 2257 614 2292 lettre
638 2259 658 2291 a
678 2248 889 2304 Eginhard3
921 2256 1012 2290 mais
1035 2267 1108 2290 une
1135 2261 1239 2289 autre
1265 2265 1301 2288 se
1328 2254 1497 2301 presente

69 2319 225 2363 ensuite,
235 2327 273 2355 et
289 2320 358 2356 elle
377 2328 432 2356 est
447 2333 577 2356 encore
595 2321 676 2368 plus
694 2333 820 2368 grave:
838 2320 925 2355 c'est
939 2331 1011 2368 que
1024 2319 1182 2354 l'auteur
1196 2317 1242 2352 de
1256 2317 1290 2352 la
1303 2316 1412 2351 lettre
1425 2316 1492 2357 dit,

70 2394 115 2415 en
134 2382 279 2429 parlant
290 2384 341 2418 du
359 2391 490 2430 patron
506 2385 552 2420 de
570 2397 634 2420 son
653 2386 871 2430 monastere,
882 2385 1083 2419 Dominum
1096 2395 1216 2418 meum
1233 2388 1404 2417 sanctum
1417 2380 1493 2421 Ill.‚

73 2446 193 2483 taudis
212 2448 467 2496 qu'Eginhard
486 2450 643 2485 n’aurait
661 2463 723 2498 pas
746 2452 905 2498 manque
923 2449 968 2484 de
985 2448 1066 2484 dire
1087 2448 1265 2483 Dominos
1283 2459 1381 2480 meos
1397 2451 1432 2479 et
1452 2444 1496 2478 de

70 2511 238 2558 rappeler
254 2524 309 2547 ses
323 2512 418 2548 deux
434 2521 596 2561 patronS,
614 2516 650 2551 S.
667 2514 858 2550 Marcellin
876 2521 913 2550 et
927 2514 963 2550 S.
984 2515 1122 2556 Pierre,
1141 2512 1232 2547 dont
1250 2511 1275 2546 il
1293 2509 1393 2557 parle
1409 2516 1494 2543 tou-

66 2574 170 2619 jours
188 2575 489 2613 collectivement.
507 2580 539 2614 A
555 2580 674 2614 moins
687 2579 782 2614 donc
801 2579 846 2614 de
863 2590 1039 2626 supposer
1054 2578 1117 2619 ici,
1139 2587 1281 2611 comme
1299 2573 1379 2621 plus
1391 2573 1494 2614 haut,

70 2649 144 2672 une
163 2652 291 2674 vri-eui·
307 2640 351 2674 dc
370 2643 520 2688 copiste,
542 2642 566 2677 it
585 2650 639 2678 est
659 2643 731 2678 sort
749 2643 911 2678 douteux
931 2655 1002 2689 que
1019 2647 1114 2676 cette
1134 2640 1240 2674 lettre
1259 2639 1326 2673 soit
1346 2628 1497 2683 ‹l’Egin-

72 2699 174 2735 hai-dv
