2105 3348
644 279 721 314 220
940 274 1178 312 HISTORIA
1209 274 1627 321 'J'RANSLA'PION15‚
1659 288 1737 312 Es«.

1209 448 1372 487 CAPUT
1403 447 1478 486 ΙΙΙ.

645 548 784 600 Aliquae
799 550 962 602 reliquiae
979 555 1100 590 sancti
1116 554 1333 592 Marcellini
1349 584 1358 600 7
1381 554 1470 590 olim
1491 553 1620 590 ablatae
1636 582 1644 598 ,
1665 554 1929 603 impetrantur,
1950 564 1982 591 et
2001 556 2045 591 ad

911 618 982 655 alia
1000 619 1078 656 loca
1099 621 1392 658 transferuntur.
1409 619 1659 656 —Miracula
1676 618 1784 656 facta.

708 733 785 776 22.
826 733 897 794 (a)
923 735 1191 781 Transactis
1224 736 1480 782 admodum
1506 735 1692 798 paucis,
1721 744 1969 798 postquam
1993 734 2050 779 ad

644 808 921 855 comitatum
941 828 1183 870 veneram,
1206 813 1398 870 diebus,
1427 831 1511 876 ego
1530 848 1542 869 ‚
1568 811 1827 859 secundum
1852 829 2050 858 consue-

646 885 858 933 tudinem
876 889 1139 936 aulicorum
1166 892 1392 937 maturius
1412 908 1623 954 surgens,
1640 891 1796 953 primo
1819 906 1954 934 mane
1972 906 2051 951 pa-

644 963 808 1009 latium
826 967 957 1027 petii.
977 967 1044 1014 Ibi
1061 987 1167 1015 cum
1189 970 1421 1034 ingressus
1438 1005 1449 1025 ‚
1469 968 1766 1022 Hildoinum,
1783 968 1913 1030 cujus
1928 964 2052 1012 libro

643 1042 884 1104 superiore
920 1047 1212 1093 mentionem
1246 1047 1360 1102 feci,
1403 1058 1511 1093 ante
1536 1046 1661 1092 sores
1694 1045 1810 1108 regii
1846 1043 2051 1089 cubiculi

645 1117 902 1179 sedentem,
922 1132 1061 1188 atque
1077 1142 1310 1188 egressum
1328 1124 1558 1188 principis
1579 1123 1873 1186 operientem
1890 1159 1901 1180 ‚
1925 1121 2054 1167 inve-

645 1195 840 1252 nissem,
868 1215 922 1244 ex
946 1217 1080 1248 more
1106 1201 1361 1248 salutatum
1384 1218 1600 1265 surgere,
1633 1210 1772 1265 atque
1806 1198 1862 1245 ad
1893 1215 2055 1263 quam-

640 1270 747 1317 dam
767 1273 1020 1323 fenestram
1040 1314 1050 1332 ,
1077 1279 1133 1325 de
1152 1297 1242 1344 qua
1269 1280 1317 1325 in
1345 1278 1570 1325 inferiora
1591 1277 1750 1342 palatii
1777 1286 2054 1337 conspectus

639 1360 763 1406 erat,
792 1370 977 1400 mecum
996 1357 1212 1404 accedere
1233 1359 1411 1422 rogavi.
1433 1356 1505 1403 Ad
1529 1374 1671 1422 quam
1691 1356 1869 1419 pariter
1886 1354 2052 1401 stando

640 1426 970 1478 incumbentes
987 1469 999 1488 ,
1023 1433 1079 1481 de
1105 1436 1413 1483 translatione
1446 1445 1719 1481 sanctorum
1753 1442 2019 1496 martyrum
2039 1467 2054 1489 ‚

642 1505 905 1554 Marcellini
930 1521 977 1556 et
1003 1511 1155 1568 Petri,
1185 1530 1270 1559 nec
1295 1531 1394 1560 non
1419 1522 1466 1559 et
1490 1512 1546 1558 de
1572 1511 1802 1558 miraculo
1821 1546 1833 1567 ,
1853 1509 1983 1574 quod
2008 1511 2054 1555 in

643 1580 772 1629 fluxu
797 1587 1007 1645 cruoris,
1031 1606 1127 1652 quo
1159 1589 1368 1636 loculum
1396 1606 1562 1636 eorum
1586 1598 1762 1652 septem
1789 1585 1954 1633 diebus
1980 1603 2057 1631 su-

640 1657 768 1706 dasse
805 1668 1170 1711 commemoravi
1192 1703 1203 1721 ,
1241 1677 1482 1714 ostensum
1524 1677 1617 1722 est,
1654 1663 1874 1712 mirando
1907 1665 2056 1708 multa

640 1753 799 1784 sumus
826 1740 986 1787 locuti.
1014 1743 1228 1809 Cumque
1251 1745 1308 1790 ad
1336 1744 1377 1790 id
1405 1745 1495 1790 loci
1518 1740 1878 1790 sermocinando
1904 1740 2058 1786 venis-

642 1831 811 1871 semus,
840 1829 890 1863 ut
914 1821 1056 1866 etiam
1080 1822 1136 1868 de
1161 1823 1454 1869 vestimentis
1473 1858 1484 1876 ‚
1512 1839 1620 1886 quae
1646 1838 1752 1866 cum
1775 1817 2057 1883 corporibus

642 1908 807 1939 corum
844 1896 1032 1943 inventa
1066 1910 1207 1954 sunt,
1237 1900 1421 1947 mentio
1455 1899 1618 1954 fieret;
1650 1910 1791 1963 atquc
1814 1915 1900 1962 ego
1924 1897 2056 1942 mirae

642 1969 917 2020 subtilitatis
935 1988 1110 2023 vestem
1122 1976 1246 2024 beati
1267 1977 1533 2024 Marcellini
1552 1977 1694 2023 fuisse
1715 1975 1938 2030 dicerem3
1959 1973 2054 2027 ille,

641 2047 772 2093 velut
790 2051 871 2113 qni
893 2070 990 2098 rem
1011 2071 1145 2118 aeque
1165 2066 1219 2100 ut
1239 2072 1324 2119 ego
1350 2065 1515 2101 notam
1536 2053 1731 2100 haberet
1745 2089 1757 2109 ‚
1781 2069 1885 2098 vera
1910 2067 1984 2096 me
2002 2049 2058 2095 de

641 2125 848 2173 vestibus
876 2129 1044 2178 dixisse
1072 2133 1336 2195 respondit.
1371 2133 1458 2178 Hic
1489 2149 1576 2196 ego
1603 2131 1889 2195 stupefactus
1919 2138 2058 2191 atque

642 2202 878 2252 admirans
892 2243 904 2262 ‚
930 2212 1199 2271 percontari
1220 2212 1340 2275 coepi
1359 2247 1370 2266 ,
1390 2211 1514 2257 unde
1538 2210 1604 2255 illi
1624 2209 1724 2255 haec
1744 2209 2056 2255 vestimento—-

644 2296 776 2335 rum,
805 2300 912 2346 quae
943 2303 1191 2350 nunquam
1228 2287 1431 2342 viderat,
1464 2286 1635 2333 notitia
1665 2285 1945 2348 contingere
1976 2298 2057 2345 po-

645 2358 823 2405 tuisset.
845 2362 905 2407 At
927 2363 1003 2410 ille
1016 2382 1090 2410 me
1105 2365 1323 2422 intuitus,
1341 2364 1586 2429 paululum
1605 2363 1736 2408 siluit
1759 2398 1770 2418 ,
1791 2379 1842 2408 ac
1857 2359 2051 2407 deinde:

648 2435 841 2484 «Satius
856 2474 868 2494 ,
900 2441 1056 2504 inquit
1073 2477 1084 2496 ‚
1108 2459 1203 2488 esse
1228 2441 1464 2497 arbitror,
1493 2452 1544 2487 ut
1560 2459 1645 2504 per
1671 2457 1746 2486 me
1772 2455 2053 2502 cognoscas,

691 2646 740 2689 (a)
768 2646 834 2679 llic
863 2647 990 2693 incipit
1016 2647 1123 2681 Liber
1147 2660 1173 2680 ιι
1202 2647 1342 2682 incdit.
1371 2648 1543 2683 Suriam:
1562 2658 1671 2693 quam
1691 2645 1728 2678 in
1757 2643 1869 2677 libros
1892 2641 2053 2686 descrip-

646 2704 778 2737 imm-m
810 2706 1005 2751 genuinam
1031 2707 1188 2741 auctoris
1215 2719 1289 2741 esse
1310 2707 1473 2753 produnt
1493 2707 1599 2741 verba
1629 2706 1732 2751 cujus
1761 2703 1852 2737 libro
1871 2703 2054 2747 stqmrioraer

648 2767 963 2811 memlimitent-sess.
