2105 3348
626 252 695 287 100
916 239 1158 280 HISTORIA
1190 234 1610 281 '1'RANSLA'1‘10NIS‚
1642 250 1723 274 mc.

618 327 756 372 etiam
775 322 896 367 illius
915 315 1215 365 monumenti
1234 313 1487 378 qualitate,
1511 312 1775 371 discedunt,
1800 313 2029 359 aestiman-

620 416 684 449 les
711 401 798 446 hoc
822 398 997 443 factum
1022 393 1258 456 hospitem
1285 408 1420 436 suum
1443 408 1578 455 posse
1607 390 1768 438 latere.
1791 390 1880 438 Sed
1895 391 2032 437 aliter

619 478 797 531 evenit,
824 490 966 538 quam
992 469 1212 516 arbitrati
1240 477 1369 514 sunt.
1393 467 1513 514 Nam
1538 468 1650 514 licet
1674 469 1761 532 ipsi
1795 468 2033 514 nescirent

617 554 789 621 quibus
817 550 1019 603 indiciis,
1041 548 1137 594 cito
1156 557 1313 593 tamen
1334 545 1391 592 ad
1417 546 1553 591 illum
1577 545 1714 609 hujus
1730 546 1839 592 facti
1863 546 2032 592 notitia

621 630 837 696 pervenit
863 649 872 673 :
905 627 1180 690 veritusque
1206 640 1265 670 ne
1293 628 1391 670 sine
1416 623 1498 670 illo
1518 623 1755 669 voluntati
1781 640 1877 669 suae
1901 623 2035 668 satis-

620 709 770 755 facere
806 705 1106 760 debuissent,
1142 701 1305 747 statuit
1333 700 1533 748 consilio
1564 718 1728 746 eorum
1765 699 2034 746 festinando

619 786 900 852 praevenire.
923 783 985 828 Et
1005 781 1113 846 quia
1139 779 1216 826 ille
1241 777 1517 825 eorumdem
1540 778 1758 825 locorum
1775 777 2035 841 plenariam

622 876 762 930 atque
786 860 1112 910 omnimodam
1135 857 1356 903 notitiam
1378 855 1599 916 hahebat,
1617 855 1788 902 blande
1807 855 1911 901 illos
1928 855 2038 902 allo-

622 943 804 1006 quitur,
827 940 1141 1001 hortaturque
1162 946 1215 981 ut
1236 935 1350 982 illuc
1375 935 1514 980 simul
1541 935 1760 988 veniant;
1792 944 1838 980 et
1857 933 1892 978 si
1915 933 2037 979 Deus

623 1022 744 1067 votis
764 1036 931 1066 eorum
950 1017 1105 1062 favere
1127 1015 1422 1078 dignaretur,
1445 1014 1688 1060 communi
1707 1012 1907 1060 consilio
1923 1011 2037 1059 face-

623 1109 747 1154 rent,
772 1093 1003 1162 quidquid
1021 1095 1083 1140 eis
1106 1092 1348 1139 videretur
1370 1091 1657 1138 faciendum.

688 1258 732 1301 3.
796 1253 979 1299 Assensi
1031 1261 1143 1297 sunt
1203 1254 1298 1314 ejus
1353 1250 1619 1304 voluntati,
1670 1258 1949 1312 tempusque
1993 1248 2039 1293 id

622 1329 918 1396 aggrediendi
939 1329 1039 1395 pari
1066 1345 1301 1376 consensu
1327 1327 1647 1375 constituunt.
1677 1328 1816 1372 Tunc
1845 1335 2038 1390 peracto

616 1410 797 1473 jejunio
818 1407 1042 1456 triduano
1058 1443 1069 1462 ,
1093 1417 1241 1454 noctu
1266 1406 1323 1451 ad
1346 1406 1526 1461 locum,
1550 1404 1686 1451 nullo
1710 1405 2038 1452 Romanorum

623 1488 796 1534 civium
830 1487 1064 1534 sentiente
1081 1521 1096 1544 ‚
1120 1485 1413 1548 perveniunt
1432 1502 1445 1540 3
1486 1483 1777 1548 ingressique
1798 1481 2039 1528 basilicam

622 1566 669 1610 S.
701 1564 938 1620 Tiburtii,
966 1563 1125 1628 primo
1149 1562 1294 1608 altare
1323 1561 1467 1617 illud,
1495 1559 1582 1606 sul)
1608 1577 1706 1626 quo
1732 1577 1917 1606 sacrum
1941 1561 2040 1622 ejus

623 1659 794 1706 corpus
829 1641 974 1687 situm
1015 1638 1330 1693 credebatur,
1367 1637 1549 1701 aperire
1589 1647 1911 1683 tentaverunt.
1951 1635 2040 1682 Sed

622 1737 788 1783 parum
825 1719 1047 1765 successit
1078 1734 1247 1764 eorum
1280 1715 1518 1763 voluntati
1553 1715 1744 1762 molitio
1778 1715 1935 1778 operis
1972 1715 2042 1760 in-

623 1797 777 1844 choati
812 1819 821 1843 :
858 1816 970 1843 nam
996 1806 1370 1843 monumentum
1388 1831 1401 1853 ,
1427 1793 1682 1841 durissimo
1706 1810 1945 1841 marmore
1964 1810 2040 1839 ex-

623 1886 835 1922 tructum
851 1913 860 1929 ‚
886 1876 1091 1922 inermes
1121 1872 1168 1919 id
1199 1874 1383 1937 aperire
1410 1873 1692 1920 conantium
1713 1889 1881 1918 manus
1903 1870 2040 1917 facile

620 1953 895 2018 repellebat.
920 1955 1089 2018 Igitur,
1118 1953 1293 2000 omisso
1318 1951 1444 1998 illius
1468 1951 1689 2014 martyris
1712 1950 1950 2015 sepulcro,
1985 1948 2042 1995 ad

622 2030 838 2077 tumbam
874 2030 1127 2078 beatorum
1166 2029 1432 2077 Marcellini
1468 2039 1516 2075 et
1550 2029 1676 2075 Petri
1715 2027 2038 2084 descendunt;

623 2120 764 2173 atque
795 2109 860 2155 ibi
876 2145 889 2166 ,
925 2110 1144 2156 invocato
1175 2107 1390 2156 Domino
1419 2117 1589 2155 nostro
1611 2108 1721 2155 Jesu
1746 2106 1968 2162 Christo,
1995 2116 2042 2152 et

625 2186 827 2232 adoratis
858 2187 1028 2233 sanctis
1063 2185 1386 2252 Martyribus,
1413 2185 1645 2250 lapidem,
1674 2202 1771 2250 quo
1798 2184 2042 2230 summitas

625 2263 827 2327 sepulcri
854 2263 1113 2328 tegebatur,
1137 2265 1193 2312 de
1216 2265 1324 2312 loco
1345 2281 1430 2311 suo
1451 2264 1606 2311 levare
1627 2263 1912 2311 moliuntur.
1936 2262 2043 2323 Quo

625 2339 755 2386 subla
763 2351 828 2396 to,
841 2340 1005 2388 vident
1022 2343 1390 2389 sacratissimum
1405 2342 1553 2388 sancti
1568 2341 1831 2389 Marcellini
1849 2358 2038 2405 corpus,

629 2418 675 2464 in
693 2418 1017 2482 superioribus
1041 2420 1247 2482 ejusdem
1268 2421 1471 2485 sepulcri
1490 2420 1705 2484 partibus
1726 2421 1954 2484 positum,
1976 2429 2042 2464 ta-

625 2495 878 2560 bulamque
904 2514 1219 2544 marmoream
1242 2498 1300 2544 ad
1322 2508 1462 2562 caput
1481 2498 1683 2562 positam
1700 2534 1713 2554 ,
1736 2515 1844 2563 quae
1871 2496 2038 2552 titulo,

624 2591 767 2639 quem
793 2573 1071 2622 continebat
1087 2611 1100 2632 ,
1120 2575 1309 2623 evidens
1332 2575 1560 2623 indicium
1580 2574 1721 2623 dabat
1737 2612 1749 2633 ‚
1773 2577 1903 2639 cujus
1919 2575 1966 2620 in
1985 2590 2040 2621 eo

627 2650 734 2698 loco
768 2653 990 2718 martyris
1021 2652 1233 2699 membra
1256 2655 1528 2717 jacuissent.
1553 2652 1718 2715 Quod,
1739 2663 1792 2699 ut
1811 2670 1896 2717 par
1914 2662 2037 2707 erat,

626 2746 734 2776 cum
750 2747 929 2777 summa
951 2731 1258 2778 veneratione
1278 2733 1584 2797 suscipientes
1600 2733 1777 2790 levant,
1796 2742 1844 2778 et
1861 2729 2037 2776 munda
