2105 3348
555 262 632 301 404
932 257 1221 298 RHYTHMUS
1252 255 1319 293 DE
1349 255 1583 295 PASSIONE

556 349 676 390 Forii
700 357 842 405 pectus
866 345 1032 403 pietatis
1055 344 1225 403 plenum
1251 358 1399 401 gerens
1423 344 1573 401 spiritu
1589 375 1598 393 ‚

556 425 695 467 Pauca
715 421 887 480 quidem
901 455 911 473 ‚
937 420 1007 463 sed
1031 437 1115 462 non
1136 436 1267 479 parva
1284 453 1294 472 ,
1319 419 1446 462 verba
1467 430 1614 462 contra
1642 419 1823 462 reddidit
1841 439 1848 462 :

561 501 690 542 «Non
715 509 773 541 est
789 533 799 551 ,
826 499 963 557 inquit
979 532 989 551 ‚
1014 499 1269 541 criminosus
1291 514 1369 540 uec
1392 497 1597 539 dicendus
1622 498 1796 546 noxius,

555 578 671 636 Qui,
699 577 852 618 omisso
876 576 1147 634 paganismo,
1183 575 1352 617 Christo
1379 575 1507 632 coepit
1533 572 1727 619 credere„

555 654 693 710 Atque
719 652 780 694 illi
804 668 902 694 sana
924 662 1063 694 mente
1089 651 1357 694 serviendum
1378 651 1560 708 judicat.

555 734 647 774 Hoc
670 731 743 789 qui
764 730 891 781 facit,
917 731 997 772 Dei
1021 730 1175 772 summi
1199 729 1310 771 filius
1333 728 1571 778 vocabitur,

554 810 607 851 Et
630 824 652 849 a
676 808 840 850 cunetis
862 818 1135 866 peccatorum
1158 806 1376 849 absolutus
1397 805 1617 857 sordibus,

555 888 662 928 Vere
686 902 772 928 csse
795 884 910 944 quod
936 895 1125 938 vocatur,
1154 887 1244 927 Deo
1268 883 1419 936 dante,
1449 884 1617 926 visitur.
1646 901 1665 924 »

555 965 654 1006 Haec
679 963 890 1006 dicentem
909 961 1210 1004 Marcellinum
1238 962 1418 1020 imperat
1441 962 1666 1003 minaciter

552 1041 694 1084 Saevus
714 1040 869 1098 judex,
900 1040 977 1082 suh
1002 1039 1187 1082 duorum
1211 1040 1366 1098 pugnis
1389 1055 1542 1082 caesum
1565 1038 1729 1095 subigi3

551 1120 605 1161 Et
629 1120 670 1160 in
701 1118 868 1170 locum,
897 1118 1014 1159 omni
1040 1116 1134 1158 luce
1158 1118 1233 1174 qui
1259 1127 1443 1169 careret,
1470 1117 1624 1175 projici
1648 1118 1735 1173 (1)3

551 1197 600 1238 In
626 1212 711 1254 quo
735 1196 890 1236 vitrum
915 1209 1040 1252 super
1063 1194 1242 1235 humum
1267 1194 1369 1236 fecit
1390 1193 1576 1237 fractum
1601 1194 1808 1252 spargier,

551 1274 615 1316 Ac
640 1273 819 1331 desuper
841 1281 1089 1313 assertorem
1107 1272 1169 1328 (2)
1192 1272 1281 1314 veri
1305 1271 1470 1313 nudum
1495 1280 1681 1314 sternere
1701 1272 1788 1328 (3),

553 1351 693 1409 Atque
718 1350 907 1391 vinctum
929 1347 1115 1390 volutari
1138 1347 1224 1390 illis
1246 1349 1289 1389 in
1312 1347 1625 1406 fragminibus3

554 1427 687 1469 Omni
712 1426 823 1468 victu
845 1425 1049 1468 abstineri
1072 1424 1232 1466 Christi
1255 1424 1412 1481 jubens
1435 1423 1670 1476 famulum,

556 1504 636 1557 Ut,
661 1503 726 1546 his
750 1503 886 1562 poenis
910 1512 1132 1553 enecatus,
1157 1502 1349 1544 interiret
1372 1517 1576 1560 propere,

555 1581 636 1626 Cui
664 1581 792 1624 fidem
815 1591 1068 1639 extorquere
1093 1595 1134 1622 se
1158 1595 1244 1622 non
1269 1594 1388 1637 posse
1410 1578 1587 1621 viderat.

618 1665 660 1702 9.
695 1660 810 1700 Tum
835 1657 990 1700 deinde
1016 1657 1190 1699 Petrum
1213 1645 1385 1709 viilens‚
1412 1655 1566 1699 talibus
1587 1656 1848 1715 alloquitur:

563 1754 582 1776 «
602 1735 731 1787 Nolo,
764 1735 927 1793 inquit,
955 1733 1195 1786 arbitreris,
1222 1734 1375 1775 iterum
1398 1732 1546 1775 eculeo

559 1812 623 1853 Te
647 1809 935 1868 torquendum
949 1843 959 1862 ‚
985 1809 1050 1852 vel
1072 1810 1218 1867 ignitis
1239 1809 1503 1851 exurendum
1525 1809 1693 1852 faculis.

559 1888 696 1930 Immo
720 1888 857 1939 noris,
882 1886 999 1945 quod
1023 1886 1256 1929 nectendus
1280 1886 1404 1929 nodis
1423 1887 1697 1939 fortioribus,

560 1965 786 2024 Stipitique
808 1963 1044 2023 applicatus
1068 1963 1162 2005 luce
1185 1964 1312 2007 stabis
1335 1965 1540 2016 crastina,

560 2041 622 2084 Ac
644 2041 832 2084 'ferarum
855 2039 1016 2083 laniatu
1037 2040 1167 2082 vitam
1188 2041 1308 2083 brevi
1332 2041 1469 2084 finies.
1495 2059 1515 2082 »

561 2119 743 2160 -Tum
766 2117 913 2159 beatus
937 2117 1234 2177 respondendo
1258 2119 1408 2161 Petrus
1429 2118 1531 2160 sorti
1558 2128 1728 2177 pectore
1745 2152 1753 2168 ‚

561 2196 672 2238 Iram
696 2194 842 2237 volens
862 2196 1126 2238 contumacis
1148 2196 1362 2238 concitare
1381 2195 1563 2253 judicis,

563 2270 662 2313 Tali
683 2287 786 2314 voce
811 2272 1048 2313 saevientem
1070 2282 1275 2330 provocat
1296 2273 1526 2314 insaniam:

568 2349 713 2391 «Cum
735 2349 917 2391 Serenus
939 2349 1136 2390 vociteris
1150 2382 1160 2401 ‚
1186 2349 1320 2391 miror
1345 2347 1600 2390 validissime
1616 2380 1626 2397 7

563 2424 653 2467 Cur
674 2434 758 2468 tam
782 2423 1078 2484 tetro-vultum
1101 2439 1223 2481 geras
1248 2423 1515 2467 obfuscatum
1539 2423 1711 2474 nubilo,

609 2625 659 2670 (ι)
684 2623 775 2658 Cod.
795 2626 885 2658 coici
899 2637 967 2671 pro
987 2624 1127 2671 conjici.

609 2688 659 2732 (2)
685 2687 776 2722 Cod.
795 2687 1031 2723 adsertor-em

609 2751 663 2797 (3)
686 2752 744 2786 Sic
763 2751 842 2786 cod.
865 2752 959 2786 Editi
980 2754 1147 2786 sternier.
