2105 3348
662 486 1184 562 EINHARDI
1242 485 1803 562 EPISTOLAE.

766 819 1076 869 LIBELLUS
1114 817 1570 868 EPISTOLARUM
1608 812 1699 874 (¹).

981 956 1013 992 1.
1047 955 1112 992 AD
1143 953 1403 993 ANSGISUM
1419 957 1489 1003 (2).

590 1071 935 1116 D1L‘Ecrtssfflo
959 1069 1008 1114 in
1036 1068 1228 1117 Christo
1248 1068 1411 1125 fratri,
1434 1067 1635 1133 Ansgiso
1655 1067 1940 1124 venerabili,

525 1149 864 1213 sempiternam
889 1147 937 1193 in
959 1147 1168 1193 Domino
1194 1145 1409 1193 salutem.
1424 1145 1706 1193 —Obsecro
1728 1145 1944 1193 dilectio-

524 1244 635 1273 nem
663 1236 794 1272 tuam
817 1236 891 1283 ut,
913 1241 1010 1271 non
1035 1225 1260 1289 graviter,
1284 1224 1362 1271 sed
1390 1224 1549 1287 potius
1573 1223 1946 1271 misericorditer

525 1314 573 1351 et
604 1301 934 1359 amicabiliter,
974 1306 1185 1366 accipere
1220 1301 1428 1367 digneris
1460 1301 1591 1366 quod
1623 1302 1698 1366 (5)
1736 1319 1826 1366 pro
1858 1320 1947 1349 ne-

526 1382 740 1428 cessitate
766 1380 960 1444 [istius]
991 1380 1063 1444 (4)
1090 1379 1333 1445 quondam
1365 1378 1574 1426 hominis
1598 1379 1781 1439 nostri,
1818 1397 1948 1426 nunc

525 1469 683 1507 autem
720 1458 929 1505 hominis
959 1458 1125 1505 domni
1158 1456 1395 1504 Hlotharii
1432 1457 1533 1521 (5),
1570 1457 1694 1521 apud
1726 1467 1770 1505 te
1799 1457 1947 1503 inter-

526 1537 668 1594 cedo,
704 1547 758 1583 ut
790 1554 898 1584 eum
933 1534 1247 1591 beneficium,
1287 1533 1417 1600 quod
1456 1552 1542 1600 ego
1584 1534 1652 1580 illi
1691 1534 1824 1591 dedi,
1860 1533 1948 1580 sub

526 1614 862 1680 qualicumque
898 1614 1028 1678 lege,
1072 1613 1194 1658 sicut
1233 1611 1320 1659 tibi
1358 1611 1590 1675 placuerit
1628 1611 1731 1675 (6),
1775 1610 1948 1658 habere

526 1691 800 1756 permittas,
827 1708 977 1755 usque
999 1688 1114 1737 (lum
1138 1707 1226 1736 nos
1252 1689 1319 1735 illi
1343 1688 1401 1736 de
1424 1689 1574 1736 altero
1604 1687 1864 1744 beneficio,
1893 1706 1947 1734 ex

573 1885 624 1929 (1)
650 1882 709 1918 Sic
728 1882 767 1916 in
784 1881 863 1916 cod.
877 1881 988 1915 —De
1006 1881 1078 1915 hoc
1094 1881 1204 1915 unico
1226 1881 1363 1924 codice,
1377 1881 1564 1928 quondam
1582 1881 1835 1923 Laudunemi,
1851 1892 1949 1914 nunc

527 1944 631 1991 regio
649 1943 762 1977 Paris.
782 1942 902 1989 suppl.
923 1942 988 1976 lat.
1014 1940 1101 1984 534,
1122 1941 1167 1975 ad
1185 1941 1288 1987 cujus
1314 1940 1423 1976 fidem
1443 1941 1509 1976 has
1529 1941 1700 1989 epistolas
1718 1940 1948 1983 recudimus,

525 2009 563 2038 et
578 2002 623 2037 de
642 2002 796 2044 ratione,
817 2013 928 2048 quam
943 2001 981 2035 in
1000 2000 1071 2035 illis
1085 2000 1236 2035 edendis
1255 2001 1370 2036 secuti
1386 2013 1525 2044 sumus,
1544 2001 1677 2036 videsis
1691 2000 1951 2048 prolegomena

527 2069 664 2097 nostra.
677 2062 748 2096 H¹1c
764 2061 897 2095 dixisse
918 2060 1071 2095 sufficiat
1087 2061 1406 2108 quotiescumque,
1424 2068 1545 2096 textus
1560 2061 1701 2096 facilius
1721 2059 1951 2106 intelligendi

528 2121 660 2169 gratia,
676 2120 830 2155 verbum
842 2119 896 2154 vel
908 2119 1194 2162 emendandum,
1208 2120 1263 2154 vel
1278 2119 1565 2163 immutandum,
1581 2120 1636 2155 vel
1651 2120 1762 2154 etiam
1775 2118 1952 2165 adjicien—

526 2181 617 2216 dum
633 2180 738 2215 nobis
755 2180 872 2214 visum
891 2186 964 2222 est,
985 2179 1030 2213 de
1050 2180 1122 2214 hoc
1141 2191 1285 2227 semper
1302 2179 1476 2215 lectorem
1498 2180 1724 2215 monendum
1742 2191 1808 2214 nos
1825 2178 1953 2214 sedulo

527 2242 725 2284 curavisse,
746 2247 783 2274 et
808 2241 847 2274 in
875 2241 972 2274 notis
994 2240 1110 2274 varias
1128 2239 1265 2274 codicis
1281 2252 1345 2275 seu
1363 2241 1475 2275 etiam
1503 2240 1745 2287 pristinorum
1767 2239 1951 2275 editorum

528 2300 702 2335 lectiones
724 2298 881 2333 fideliter
903 2298 1081 2332 retulisse.

573 2362 624 2407 (2)
644 2360 708 2395 Hae
718 2358 956 2406 epistolarum
975 2358 1248 2405 inscriptiones,
1266 2369 1356 2405 quas
1368 2359 1502 2406 cuique
1514 2357 1738 2401 addidimus,
1754 2364 1797 2392 ut
1812 2356 1953 2392 facilius

527 2433 586 2456 eas
605 2419 825 2462 consuleres,
843 2419 881 2453 in
898 2418 1024 2453 codice
1041 2430 1116 2453 non
1130 2425 1286 2453 exstant.

574 2478 625 2525 (3)
649 2478 742 2514 Cod.
763 2485 800 2513 et
816 2477 907 2512 edit.
927 2491 962 2524 q.
985 2477 1090 2523 apud
1109 2483 1142 2512 te
1158 2490 1194 2523 p.
1216 2477 1342 2514 Verba
1360 2476 1464 2523 apud
1485 2483 1535 2519 te,
1561 2476 1686 2522 paucis
1706 2482 1786 2522 post
1804 2474 1953 2509 vocibus

529 2539 702 2587 repetita,
721 2539 956 2585 exscriptoris
973 2538 1181 2572 oscitationi
1200 2536 1399 2572 tribuenda
1415 2543 1500 2571 sunt
1519 2543 1555 2571 et
1574 2535 1657 2571 ideo
1675 2533 1928 2582 expungenda.

576 2601 628 2645 (4)
654 2598 781 2635 Verba
800 2599 905 2633 uncis
923 2598 1064 2633 inclusa
1075 2599 1114 2632 iu
1132 2597 1258 2633 codice
1276 2597 1546 2632 desiderantur.

575 2657 625 2704 (5)
651 2657 744 2693 Cod.
765 2657 953 2700 Lotharii,
971 2657 1034 2692 sed
1050 2657 1114 2692 ins.
1131 2656 1340 2700 molarias,
1361 2656 1624 2700 Illudowicus,
1645 2662 1682 2691 et
1700 2655 1750 2690 sic
1768 2653 1951 2699 deinceps.

576 2718 625 2764 (6)
651 2719 715 2754 Hae
733 2725 893 2765 quatuor
908 2730 1012 2753 voces
1031 2719 1054 2752 l.
1071 2731 1101 2753 s.
1125 2724 1148 2751 t.
1168 2732 1205 2763 p.
1226 2730 1315 2765 quas
1330 2718 1423 2753 bene
1440 2717 1605 2753 oculatus
1625 2716 1763 2751 videbis
1781 2715 1818 2749 in
1837 2713 1917 2749 cod.
1936 2726 1954 2746 a

531 2778 693 2824 pristinis
708 2777 913 2813 editoribus
929 2778 1067 2812 omissae
1086 2778 1250 2812 suerunt.
