2105 3348
556 341 631 379 -ίτιϋ
939 338 1226 376 RHYTHMUS
1256 337 1325 374 DE
1355 337 1589 375 PASSIONE

557 429 748 481 (Iuinquc
772 434 875 464 esset
899 424 971 465 illo
1003 436 1172 466 ventum
1191 458 1200 476 ‚
1230 440 1353 465 verus
1375 424 1454 465 Dei
1477 425 1671 468 nuntiusq

560 503 676 542 Petro
703 501 838 542 statim
863 500 1056 542 absoluto
1072 535 1081 549 ,
1109 500 1361 543 Marcellino
1385 501 1600 558 praecipit,

558 578 610 619 [st
631 593 673 619 se
696 576 820 618 ambo
848 577 1155 635 praecedentem
1177 586 1456 635 sequerentur
1478 577 1651 635 pariter.

556 654 698 707 Quem
723 664 944 711 sequentes
966 655 1233 697 intraverunt
1256 653 1432 696 domum
1453 652 1680 711 quamdam
1705 651 1867 701 subito,

553 731 599 771 In
627 746 709 788 qua
733 741 821 772 erat
842 741 1128 789 congregatus
1147 731 1416 773 Christianus
1437 727 1641 788 populus,

556 808 646 865 Qui
668 824 742 866 per
767 811 878 867 ipsos
901 808 955 850 ad
979 808 1168 850 divinam
1190 807 1429 850 doctrinam
1453 814 1721 865 pervenerat.

555 886 667 926 Tum
691 886 890 943 praecepit
910 884 982 927 ille
1001 886 1168 942 magnis
1189 883 1366 942 angelus
1388 882 1669 940 martyribus,

560 961 611 1002 Ut
635 971 845 1004 catervam
867 971 1170 1020 congregatam
1193 961 1450 1004 confirmare
1472 958 1692 1008 studeant,

553 1039 634 1080 Per
656 1049 824 1097 septena
849 1041 1142 1098 proximorum
1164 1038 1330 1081 dierum
1354 1037 1576 1080 volumina
1599 1054 1606 1078 :

556 1116 616 1156 Ac
643 1126 732 1157 tum
757 1115 928 1158 demum
953 1116 1139 1158 saevienti
1160 1130 1201 1156 se
1222 1125 1403 1171 tyranno
1426 1112 1666 1172 proferant,

556 1190 877 1248 Ostendantque
900 1206 1051 1248 parum
1074 1206 1193 1248 posse
1215 1189 1330 1232 illius
1351 1189 1583 1248 potentiam
1600 1221 1609 1237 ,

556 1270 716 1311 Contra
737 1270 816 1311 Dei
840 1268 1098 1311 continentis
1119 1278 1272 1310 cuncta
1295 1266 1624 1326 providentiam.

618 1353 686 1388 11.
722 1347 835 1388 Tum
861 1345 1054 1403 sequenti
1079 1345 1173 1387 luce
1192 1345 1319 1402 jussit
1334 1343 1468 1402 judex
1491 1341 1831 1392 crudelissimus,

552 1423 610 1464 Ut
631 1422 815 1463 ministri
841 1421 1061 1463 visitarent
1084 1420 1178 1463 loca
1193 1454 1203 1473 ‚
1227 1421 1384 1480 quibus
1404 1430 1609 1478 martyres

555 1499 732 1541 Clausos
756 1498 882 1541 simul
905 1507 946 1541 et
969 1497 1122 1555 ligatos
1141 1497 1346 1541 custodiri
1364 1498 1562 1555 jusserat.

552 1575 748 1633 Cumque
769 1574 830 1617 ibi
852 1590 939 1616 non
960 1584 1149 1633 repertos
1169 1574 1399 1618 referentes
1421 1573 1637 1625 dicerent,

550 1651 616 1693 Ire
635 1651 782 1708 jussit,
805 1661 846 1694 et
865 1649 1048 1702 adduci,
1078 1666 1163 1692 una
1185 1666 1282 1693 cum
1304 1650 1551 1702 Arthemio,

550 1728 654 1785 Ejus
673 1744 846 1786 quoque
868 1727 1091 1770 mulierem
1105 1761 1116 1780 ‚
1141 1737 1428 1785 cognomento
1454 1726 1691 1770 Candidam
1707 1759 1719 1777 ‚

550 1806 690 1863 Atque
713 1815 855 1847 natam
877 1804 1144 1856 eorumdem,
1172 1815 1463 1863 nuncupatam
1485 1804 1725 1861 Virginem,

549 1884 611 1925 De
631 1899 715 1941 qua
736 1883 887 1925 Petrus
907 1867 1114 1927 eiroreista
1137 1882 1374 1925 daemonem
1398 1880 1638 1940 expulerat,

548 1962 599 2002 Et
619 1970 842 2019 purgatam
856 1993 866 2012 ,
897 1961 988 2018 regi
1010 1960 1181 2002 Christo
1206 1958 1424 2002 credulam
1448 1957 1708 2002 reddiderat.

548 2039 635 2079 Hos
657 2036 864 2080 adductos
885 2036 956 2079 ille
975 2038 1085 2079 truci
1107 2038 1286 2080 intuitus
1304 2037 1430 2080 oculo
1449 2071 1458 2088 ‚

546 2116 637 2157 Diis
656 2115 802 2171 jussit,
830 2115 962 2157 immo
987 2116 1103 2157 tetris
1129 2125 1175 2157 ut
1196 2114 1367 2158 litarent
1390 2113 1590 2165 larvulis,

550 2194 685 2250 Atque
709 2208 871 2234 sacram
893 2192 1052 2234 Christi
1075 2191 1203 2234 fidem
1226 2191 1482 2250 abnegando
1508 2191 1766 2248 linquerent.

547 2272 599 2312 Et
626 2286 723 2312 cum
748 2270 861 2312 nolle
884 2269 1134 2327 pervidisset
1155 2271 1360 2328 imperata
1380 2269 1520 2311 facere
1535 2301 1545 2318 ‚

546 2347 673 2388 ‚Iussit
695 2361 828 2388 saevus
855 2356 902 2388 ut
923 2348 988 2401 (1)
1010 2347 1177 2403 ingenti
1206 2346 1409 2388 ruderum
1435 2346 1634 2402 congerie
1652 2379 1662 2395 ,

545 2424 666 2464 More
692 2422 819 2480 pressi
844 2423 1095 2483 noxiorum„
1121 2431 1376 2464 necarentur
1398 2422 1572 2479 pariter.

545 2499 635 2557 Qui
659 2514 755 2541 eum
778 2498 908 2540 vincti
935 2497 1195 2539 ducerentur
1217 2498 1329 2539 viam
1353 2513 1427 2556 per
1448 2497 1691 2546 Aureliam,

543 2575 702 2618 Vident
723 2574 848 2617 simul
873 2574 1174 2617 Marcellinum
1199 2584 1326 2632 atque
1349 2575 1522 2617 Petrum
1545 2585 1770 2632 martyres,

544 2653 593 2694 Et
618 2668 714 2694 cum
741 2652 800 2694 eis
826 2650 1004 2693 multam
1030 2650 1151 2694 valde
1177 2651 1326 2710 populi
1349 2651 1651 2710 frequentiam.

583 2836 632 2878 (i)
663 2833 757 2869 Edit.
781 2836 815 2867 in
838 2833 993 2878 ingenti.
