1979 3348
509 205 768 244 APPENDIX
799 204 1013 244 ALTERA.
1399 206 1470 242 167

58 289 255 332 effectum
279 289 364 347 ipse
397 287 557 331 tribuat
588 285 860 346 impetrandi.
883 285 1023 327 Dicite
1057 284 1175 343 quod
1210 283 1469 326 clarissimus

57 368 254 425 idemque
275 367 548 410 suavissimus
572 375 722 408 auctor
737 365 1005 423 Augustinus
1033 382 1042 407 ;
1074 382 1094 405 «
1114 365 1180 406 Da
1197 361 1314 421 quod
1326 361 1470 420 jubes,

55 453 96 486 et
111 442 217 501 jube
233 442 351 502 quod
368 444 430 486 vis
448 444 538 500 (1)»
551 478 560 487 .
577 441 798 500 Siquidem
817 456 891 483 sua
910 441 1111 483 nosDeus
1128 440 1282 498 gratia,
1301 449 1349 482 ut
1364 438 1472 482 velle

56 537 103 564 ac
126 536 245 579 posse
268 520 432 580 aliquid
454 521 558 563 boni
579 534 784 578 queamus
798 551 808 571 ,
833 527 873 560 et
890 518 1094 577 praevenit
1115 526 1156 560 et
1178 517 1469 576 subsequitur.

56 598 190 657 Quod
212 598 431 641 evidenter
461 599 503 640 in
541 596 721 639 Psalmis
754 594 1011 645 didicimus,
1035 594 1111 636 ubi
1135 595 1340 652 scriptum
1372 604 1434 636 est
1461 610 1471 638 ε

58 676 207 719 «Deus
226 691 361 727 meus,
374 673 668 717 misericordia
682 673 774 731 ejus
792 673 1022 731 praeveniet
1039 673 1228 728 me(2)»;
1243 673 1389 730 utique
1407 681 1472 714 et:

57 770 77 791 «
98 750 396 794 Misericordia
429 760 500 793 tua
539 750 821 808 subsequetur
853 765 920 792 me
959 748 1160 791 omnibus
1194 747 1344 791 diebus
1380 749 1475 791 vitae

52 830 228 887 meae(3)
239 847 257 870 »
268 863 277 871 .
290 828 565 887 Adquiescite
576 828 755 887 Spiritui
776 836 921 870 sancto
935 842 1010 885 per
1025 824 1235 868 Davidem
1253 825 1472 866 monenti:

57 924 77 946 «
88 906 206 949 Jacta
217 922 344 965 super
351 906 589 948 Dominum
597 921 744 948 curam
758 915 874 948 tuam
883 914 939 957 ‚et
949 905 1037 963 ipse
1050 913 1089 946 te
1100 902 1287 945 enutriet
1295 901 1385 958 (4)»
1396 900 1474 943 ,Αο

51 984 240 1026 1)οωίηο
260 982 519 1026 fiducialiter
539 982 666 1026 dicite
689 1001 697 1025 :
715 1000 735 1023 «
756 984 826 1025 Tu
837 998 880 1025 es
897 981 1114 1039 refugium
1132 995 1276 1023 meum
1291 994 1315 1021 a
1332 978 1473 1021 tribu-

53 1059 211 1103 latione
228 1077 324 1120 quae
337 1060 624 1104 circumdedit
636 1076 703 1104 me
723 1059 784 1121 (5)
800 1079 820 1102 »
831 1094 840 1103 .
854 1060 908 1103 Et
923 1076 1021 1103 cum
1030 1057 1237 1119 Apostolo
1251 1058 1342 1115 jam
1356 1056 1475 1100 exul-

53 1147 187 1180 tantes
209 1139 255 1180 in
279 1139 360 1181 Dei
384 1138 583 1181 laudibus
608 1139 875 1197 ingeminare
896 1137 1092 1197 poteritis
1117 1154 1125 1179 2
1157 1154 1176 1177 «
1197 1136 1358 1178 Omnia
1377 1151 1474 1194 pos—

51 1230 145 1256 sum
163 1215 207 1257 in
222 1230 272 1257 eo
289 1216 365 1274 qui
382 1231 450 1258 me
467 1215 682 1258 confortat
698 1214 775 1275 (6)
795 1215 990 1257 Tristitia
1006 1215 1121 1256 enim
1140 1212 1274 1256 seculi
1290 1222 1473 1255 mortem

52 1301 253 1349 operatur
270 1293 381 1351 (7)»‚
402 1292 519 1335 haud
537 1292 718 1335 dubium
734 1293 840 1351 quin
859 1291 1123 1351 spiritualem
1137 1324 1148 1341 ‚
1171 1289 1245 1333 sed
1262 1299 1303 1332 et
1320 1304 1474 1348 corpo-

52 1369 184 1412 ralem
197 1403 208 1423 ,
221 1380 268 1413 ut
280 1371 439 1430 optime
457 1372 589 1414 nostis
600 1404 610 1424 ‚
625 1386 731 1430 saepe
747 1370 990 1413 consciscit.
1008 1368 1306 1428 Quamobrem
1320 1382 1473 1410 aerum-

50 1449 115 1490 nis
133 1449 358 1501 vitiorum,
377 1448 535 1507 quibus
561 1449 814 1508 premimur,
837 1448 1162 1502 contristemur3
1187 1456 1228 1489 et
1244 1445 1298 1488 ab
1320 1460 1471 1487 eorum

46 1523 152 1567 falsa
187 1524 437 1578 dulcedine,
480 1535 640 1584 quanta
689 1541 914 1584 possumus
953 1523 1241 1567 amaritudine
1285 1522 1472 1581 separari

48 1602 262 1656 nitamur,
282 1619 331 1645 ao
353 1603 484 1661 hujus
504 1602 741 1646 incolatum
760 1604 871 1652 vitae,
893 1603 937 1644 in
959 1618 1042 1661 qua
1067 1602 1158 1644 sine
1182 1599 1357 1660 querela
1382 1615 1469 1642 non

49 1680 228 1732 vivitur,
272 1679 463 1723 modeste
505 1679 711 1723 seramus.
754 1680 965 1723 Caeterum
1004 1679 1174 1721 veniam
1207 1694 1232 1720 a
1262 1678 1356 1720 Deo
1394 1692 1469 1718 ex-

49 1766 308 1815 spectantes,
333 1758 378 1799 in
404 1773 454 1799 eo
488 1755 616 1816 plena
636 1756 721 1799 fide
743 1755 952 1799 laetemur.
978 1756 1178 1814 Denique
1204 1754 1314 1797 illud
1351 1752 1469 1812 quod

47 1834 92 1876 in
126 1833 361 1893 Evangelio
392 1835 659 1893 promittitur
683 1852 692 1876 z
734 1852 753 1874 «
780 1834 900 1877 Beati
933 1834 1008 1892 qui
1051 1833 1201 1892 lugent
1215 1867 1226 1886 ,
1261 1833 1468 1891 quoniam

47 1912 128 1970 ipsi
164 1912 504 1955 consolabuntur
529 1911 591 1970 (8)
619 1929 639 1952 »
659 1927 772 1964 ,non
802 1911 854 1954 de
888 1912 939 1953 iis
972 1912 1048 1970 qui
1077 1911 1228 1970 lugent
1257 1910 1309 1952 de
1341 1910 1469 1952 amis-

47 1990 166 2032 sione
196 2005 396 2032 carorum
425 1999 466 2032 et
493 1988 797 2048 temporalium
831 1988 1188 2041 commodorum,
1226 2003 1377 2030 verum
1416 1987 1468 2029 de

47 2065 132 2109 illis
175 2068 252 2126 qui
291 2077 474 2110 moerent
493 2101 503 2119 ,
544 2067 668 2109 initio
707 2066 892 2124 sejuncti
938 2083 962 2109 a
1001 2065 1224 2109 mortifera
1263 2066 1468 2108 vitiorum

47 2144 330 2189 delectatione
344 2178 355 2198 ‚
374 2144 512 2187 donec
536 2144 768 2187 virtutibus
783 2177 794 2197 ‚
815 2144 999 2203 Spiritus
1018 2144 1153 2186 sancti
1177 2144 1332 2202 gratia,
1360 2158 1464 2185 con-

93 2335 144 2379 (1)
169 2334 265 2381 Aug.
285 2332 437 2369 confess.
457 2332 521 2368 lib.
539 2345 576 2376 x,
597 2345 629 2368 c.
653 2344 709 2381 29,
731 2331 788 2376 31,
808 2331 865 2381 37.

92 2398 142 2443 (2)
167 2397 225 2432 Cf.
243 2396 377 2431 Psalm.
400 2408 499 2440 Lvm,
523 2410 576 2431 11.

93 2461 144 2508 (5)
168 2462 225 2498 Cf.
239 2461 372 2497 Psalm.
393 2473 477 2504 xxu,
498 2461 532 2495 6.

94 2528 145 2572 (4)
169 2526 227 2562 Cf.
247 2525 380 2561 Psalm.
401 2537 469 2568 mv,
489 2524 545 2560 25.

93 2590 142 2635 (5)
167 2590 226 2625 Cf.
247 2590 379 2625 Psalm.
398 2601 491 2633 xxm,
513 2602 545 2637 7.

96 2654 146 2700 (6)
171 2655 227 2690 Cs.
246 2654 348 2689 Paul.
369 2653 414 2689 ad
429 2653 593 2700 Philipp.
617 2666 668 2696 lv,
696 2652 746 2688 15.

97 2720 146 2766 (7)
172 2719 229 2754 Cf.
252 2718 355 2753 Paul.
379 2717 423 2752 ad
441 2718 528 2752 Cor.
551 2717 600 2761 H,
625 2729 685 2760 vn,
712 2730 766 2751 ιο.

97 2784 149 2829 (8)
174 2784 231 2820 Cf.
254 2784 384 2820 Matth.
409 2795 441 2816 v.
462 2781 498 2818 5.
