2105 3348
595 295 673 335 316
887 292 1130 330 HISTORIA
1160 291 1582 339 TRANSLATIONIS,
1615 307 1694 335 Ere.

593 385 731 430 runt,
760 373 1115 436 integerrimam
1134 373 1353 419 omnium
1380 372 1710 420 membrorum
1731 376 1975 424 sanitatem
1989 412 2002 434 ‚

595 454 640 497 in
669 451 806 495 unius
832 449 963 496 horae
988 460 1231 496 momento
1247 485 1260 506 ,
1284 451 1497 497 Domino
1521 452 1790 513 opitulante
1809 456 2004 518 recepit.

594 529 740 574 Erant
766 526 831 573 ibi
859 527 984 574 inter
1001 537 1196 574 caeteros
1221 538 1506 591 spectatores
1530 540 1577 576 et
1598 530 1777 587 Judaei;
1800 548 2009 595 quorum

594 622 715 650 unus
734 604 882 650 David
906 606 1125 662 nomine,
1152 615 1259 669 post
1283 604 1420 669 hujus
1444 607 1564 671 signi
1585 607 1929 671 expletionem,
1952 611 2008 656 ad

593 681 849 727 fenestram
873 680 1107 738 cubiculi,
1144 682 1191 728 in
1218 700 1314 747 quo
1344 701 1433 748 ego
1466 694 1583 730 tunc
1614 702 1768 742 eram,
1797 686 2012 732 celeriter

594 776 844 806 accurrens
859 799 869 818 ‚
897 778 1067 825 meque
1093 762 1381 825 compellans
1396 797 1408 818 ,
1431 762 1717 808 miraculum
1738 762 1867 828 quod
1887 763 2014 810 vide-

596 847 671 883 rat
704 838 957 896 indicavit,
994 839 1165 904 gratias
1200 857 1338 904 agens
1377 842 1506 896 Deo,
1536 841 1618 905 qui
1660 858 1745 905 per
1782 842 2015 906 Martyres

597 933 705 963 suos
742 926 871 962 tanta
915 917 1138 963 miracula
1180 917 1236 963 ad
1275 917 1472 965 salutem
1510 917 1787 966 mortalium
1827 919 2013 983 operari

597 992 815 1057 dignatus
845 1004 927 1040 est.

665 1387 753 1432 64..
783 1387 900 1432 Erat
936 1387 982 1432 in
1019 1386 1185 1433 eodem
1218 1387 1323 1434 vico
1365 1404 1515 1433 caecus
1549 1386 1741 1452 quidam.
1781 1394 2019 1450 provectae

601 1464 774 1519 aetatis,
804 1465 886 1529 qui
907 1500 920 1522 ‚
947 1475 1002 1510 ut
1026 1466 1123 1528 ipse
1147 1464 1409 1521 asserebat,
1444 1475 1553 1512 ante
1580 1464 1843 1511 triennium
1867 1461 2020 1509 subita

600 1542 811 1589 caecitate
835 1559 1107 1605 percussus,
1136 1543 1263 1589 inter
1288 1542 1402 1589 alios
1427 1560 1654 1606 pauperes
1679 1542 1850 1606 stipem
1875 1540 2023 1587 ostia-

601 1619 689 1665 tim
712 1620 981 1668 mendicare
1012 1620 1213 1668 solebat.
1245 1623 1286 1667 Is
1312 1638 1419 1667 cum
1447 1621 1495 1667 in
1522 1620 1766 1686 tuguriolo
1792 1636 1878 1666 suo
1901 1618 2022 1666 dor-

601 1699 770 1755 miret,
803 1698 924 1745 vidit
956 1717 1041 1763 per
1070 1717 1292 1764 soporem
1321 1699 1574 1764 quemdam
1607 1698 1696 1745 sibi
1727 1699 2023 1745 assistentem

599 1787 741 1840 atque
759 1777 995 1824 dicentem
1018 1788 1099 1836 ut,
1126 1779 1161 1823 si
1187 1778 1346 1824 videre
1366 1777 1531 1834 vellet,
1552 1776 1610 1823 ad
1630 1794 1687 1824 01
1688 1787 1792 1824 at01
1796 1793 1896 1822 ium
1917 1792 2024 1823 nos-

602 1864 647 1899 tl
653 1871 731 1899 um
758 1854 877 1911 iret;
914 1854 979 1899 ibi
1016 1872 1111 1902 esse
1140 1855 1377 1901 medicum
1399 1891 1411 1911 ,
1448 1855 1530 1920 qui
1565 1855 1604 1901 ei
1637 1854 1824 1919 roganti
1860 1853 2023 1899 lumen

600 1931 795 1979 reddere
820 1934 1072 1996 potuisset.
1100 1933 1279 1980 Renuit
1303 1933 1406 1989 ille,
1434 1943 1480 1980 et
1504 1932 1665 1979 lumen
1689 1932 1819 1996 quod
1844 1929 2026 1978 offere-

600 2007 742 2055 batur
765 2008 1098 2057 abominatus:
1120 2030 1143 2055 «
1163 2010 1314 2070 Quid,
1338 2011 1428 2067 ait,
1460 2009 1576 2056 mihi
1605 2027 1734 2056 nunc
1761 2027 1869 2055 cum
1896 2008 2022 2065 visu,

601 2090 851 2152 quemjam
869 2088 985 2135 olim
1000 2086 1221 2152 perdidi?
1240 2089 1412 2135 Melius
1432 2088 1546 2135 mihi
1566 2100 1635 2136 est
1648 2124 1661 2145 ,
1679 2089 1712 2134 si
1733 2106 1789 2136 eo
1805 2103 2022 2144 caruero,

601 2181 744 2228 quam
778 2166 814 2211 si
850 2165 1080 2213 habuero.
1116 2166 1264 2214 Modo
1298 2165 1649 2214 mendicantem
1683 2183 1849 2213 omnes
1884 2183 2028 2212 exau-

602 2241 742 2287 diunt
759 2278 770 2297 ‚
800 2253 846 2289 et
872 2260 922 2289 ea
949 2260 1056 2307 quae
1086 2243 1340 2290 necessaria
1365 2254 1502 2299 sunt,
1532 2253 1763 2307 praestant
1784 2262 1794 2287 ε
1819 2259 1930 2288 nam
1951 2241 2029 2286 vi-

602 2319 796 2365 dentem
822 2321 1093 2366 mendicare
1119 2338 1218 2368 non
1244 2320 1376 2367 decet
1396 2340 1408 2376 ;
1438 2337 1579 2367 senex
1604 2330 1761 2367 autem
1789 2331 1836 2366 et
1860 2318 2028 2366 debilis

603 2398 904 2461 operarig‘non
924 2415 1134 2461 possum.
1154 2421 1175 2441 n
1196 2401 1392 2444 —Tum
1413 2398 1489 2445 ille
1502 2399 1583 2463 qui
1602 2416 1707 2444 cuin
1726 2415 1781 2445 eo
1803 2395 2025 2462 loqueba-

607 2487 686 2522 tur
707 2495 717 2520 :
750 2475 934 2533 «Vade,
965 2477 1140 2541 inquit,
1169 2488 1215 2523 et
1240 2476 1339 2523 noli
1364 2477 1567 2533 morari3
1592 2495 1720 2533 nam,
1745 2476 1858 2523 velis
1882 2475 2025 2531 nolis,

605 2555 757 2600 visum
781 2566 1060 2618 recepturus
1081 2572 1143 2601 es.
1166 2576 1188 2599 »
1212 2556 1375 2600 Paruit
1395 2555 1472 2602 ille
1491 2555 1775 2618 imperanti,
1798 2553 2028 2618 perrexit-

606 2649 699 2696 que
733 2631 788 2678 ad
823 2633 1088 2680 oratorium
1107 2668 1122 2691 ,
1152 2643 1292 2697 atque
1325 2633 1373 2678 in
1398 2650 1454 2680 eo
1484 2632 1784 2696 pernoctavit
1800 2650 1814 2688 3
1849 2642 1896 2678 et
1921 2647 2030 2676 cum

608 2711 683 2756 illa
710 2720 852 2758 nocte
880 2710 1003 2757 nihil
1029 2722 1148 2758 esset
1180 2712 1384 2767 factum,
1421 2711 1476 2757 ad
1510 2711 1755 2776 tugurium
1783 2727 1920 2756 suum
1950 2724 2029 2754 re-

602 2789 866 2852 x‘ersuchSt,
896 2788 981 2834 Cui
1008 2788 1171 2835 (leuno
1199 2789 1233 2834 is
1257 2789 1336 2851 qui
1364 2789 1495 2851 prius
1528 2806 1612 2851 per
1643 2804 1861 2851 soporem
1889 2801 2027 2848 appa—
