2105 3348
567 280 637 314 198
859 271 1100 310 HISTORIA
1130 268 1548 313 '1'MNSLA'1'IONIS‚
1582 282 1655 306 E'rC.

559 365 709 402 essent
731 353 904 408 meriti,
924 367 1067 414 quam
1082 348 1200 395 beati
1218 348 1519 395 Marcellinus
1539 348 1762 393 etPetrus
1783 367 1791 392 :
1812 357 1855 393 et
1873 345 1963 392 hoc

556 450 629 478 me
661 447 752 477 csse
784 427 1103 481 crediturum,
1139 443 1245 472 cum
1275 426 1486 489 primum
1516 425 1571 470 ad
1605 442 1678 470 me
1708 425 1960 470 nominum

558 510 746 554 illorum
774 505 942 551 notitia
964 505 1266 568 pervenisset.
1296 503 1510 566 Suscepit
1537 502 1614 548 ille
1632 519 1806 548 munus
1829 501 1962 547 obla-

556 597 682 642 tum,
730 595 869 647 atque
905 582 974 638 id,
1013 593 1066 627 ut
1104 581 1190 627 sibi
1224 598 1496 645 persuasum
1531 589 1653 634 erat,
1690 589 1960 624 sanctorum

555 664 819 725 Martyrum
839 659 1121 723 corporibus
1148 659 1357 705 sociavit.

1132 856 1295 892 CAPUT
1329 854 1381 892 Il.

552 997 669 1032 Sacrae
683 994 848 1044 reliquiae
863 992 1083 1044 perdiversa
1097 990 1177 1026 loca
1194 990 1325 1027 delatae
1339 990 1374 1025 in
1391 987 1679 1032 Miehilinstadt,
1692 995 1726 1023 et
1737 995 1817 1036 post
1828 987 1947 1023 varias

721 1061 882 1097 visiones
905 1060 941 1095 in
962 1057 1208 1101 Mulinheirn,
1232 1065 1356 1107 postca
1377 1054 1629 1107 Seligenstadt
1652 1054 1806 1091 dictam.

620 1210 694 1253 12.
732 1207 856 1252 Inito
890 1203 1090 1250 consilio
1118 1219 1225 1246 cum
1258 1199 1440 1263 hospite
1465 1215 1576 1256 suo,
1611 1215 1792 1243 sacrum
1828 1197 1962 1242 illum

551 1302 602 1329 ac
635 1279 989 1329 desiderabilem
1022 1277 1317 1329 thesaurum,
1353 1275 1401 1320 in
1437 1274 1622 1320 scriniis
1658 1273 1961 1320 reconditum

551 1372 690 1426 atque
722 1360 981 1422 signatum,
1018 1373 1101 1419 per
1125 1355 1415 1400 Lunisonem
1452 1351 1647 1398 fratrem
1673 1352 1796 1414 ejus,
1832 1353 1964 1414 cujus

552 1438 764 1500 superius
786 1434 982 1481 fecimus
1006 1432 1303 1478 mentionem
1319 1466 1329 1484 ‚
1352 1446 1539 1475 necnon
1565 1439 1610 1474 et
1632 1426 1966 1492 presbyterum

552 1513 770 1559 Hildoini
786 1547 798 1568 ,
820 1512 901 1576 qui
924 1526 1082 1556 secum
1101 1517 1318 1563 venerat,
1348 1507 1538 1569 Papiam
1555 1522 1702 1569 usque
1723 1504 1964 1568 deportari

554 1592 682 1638 fecit.
724 1593 824 1653 Ipse
851 1605 959 1635 cum
989 1586 1153 1634 eodem
1187 1583 1372 1647 hospite
1403 1600 1489 1630 suo
1525 1585 1690 1630 Romae
1723 1580 1973 1635 substitit‚‘

555 1668 806 1733 opperiens
828 1675 968 1729 atque
985 1663 1251 1709 auscultans
1270 1679 1353 1725 per
1370 1661 1625 1707 continuos
1645 1670 1822 1724 septem
1844 1659 1940 1706 dies
1954 1695 1965 1713 ‚

554 1746 588 1790 si
604 1744 660 1790 de
677 1742 870 1789 sublatis
883 1751 1156 1786 sanctorum
1178 1737 1462 1802 corporibus
1478 1736 1656 1801 aliquid
1671 1736 1727 1782 ad
1746 1736 1968 1781 notitiam

555 1822 727 1868 civium
750 1819 1055 1883 pervenisset.
1078 1817 1292 1880 Cumque
1305 1815 1495 1861 vidisset
1508 1814 1690 1860 nullam
1709 1831 1733 1858 a
1751 1812 1969 1877 quolibet

556 1910 780 1945 extraneo
814 1897 871 1943 de
905 1896 993 1942 hoc
1024 1895 1150 1941 facto
1178 1893 1276 1940 fieri
1313 1893 1636 1949 mentionem,
1674 1892 1818 1937 latere
1852 1890 1969 1936 illud

554 1976 849 2029 existimans,
878 1982 984 2034 post
1003 1988 1082 2018 eos
1095 2006 1105 2026 ,
1128 1987 1248 2035 quos
1268 1970 1582 2033 praemiserat,
1601 1978 1793 2032 sumpto
1812 1984 1972 2015 secum

557 2052 740 2115 hospite
764 2068 873 2106 suo,
893 2050 1133 2113 profectus
1154 2058 1240 2094 est.
1263 2046 1393 2105 Quos
1412 2063 1520 2092 cum
1537 2046 1719 2100 Ticini,
1741 2045 1865 2108 apud
1886 2044 1970 2090 ba-

557 2129 735 2174 silicam
766 2129 818 2173 B.
854 2125 1082 2172 Johannis
1117 2125 1366 2187 Baptistae2
1400 2140 1509 2188 quae
1535 2122 1677 2186 vulgo
1708 2122 1971 2168 Domnanae

557 2215 772 2262 vocatur,
807 2222 859 2250 ac
891 2215 1006 2249 tunc
1034 2221 1089 2250 ex
1115 2202 1349 2250 beneficio
1375 2219 1539 2266 regum
1562 2201 1619 2246 ad
1646 2218 1794 2247 meam
1821 2200 1973 2263 perti-

560 2285 669 2330 nuit
691 2292 972 2346 potestatem
987 2317 999 2336 ‚
1024 2281 1280 2327 adventum
1303 2297 1469 2326 eorum
1490 2278 1818 2342 praestolantes
1841 2278 1973 2324 inve-

560 2361 767 2414 nissent,
792 2369 1061 2405 statuerunt
1095 2359 1235 2404 etiam
1260 2368 1313 2402 ut
1343 2367 1390 2403 et
1411 2357 1496 2419 ipsi
1516 2356 1699 2420 aliquot
1717 2353 1883 2401 diebus
1906 2353 1970 2399 ibi

560 2445 892 2504 morarentur,
920 2445 967 2481 et
991 2445 1187 2498 propter
1206 2437 1535 2498 jumentorum
1552 2469 1564 2489 ,
1598 2434 1645 2478 in
1683 2431 1858 2497 quibus
1889 2449 1973 2478 ve-

560 2525 732 2562 nerant
747 2550 760 2572 ,
785 2513 1094 2560 refectionem
1108 2548 1119 2568 ,
1147 2523 1194 2559 et
1213 2524 1412 2576 propter
1432 2512 1607 2574 seipsos
1628 2510 1684 2556 ad
1704 2510 1971 2574 longiorem

562 2594 685 2638 riam
713 2591 1063 2656 praeparandos.

631 2672 706 2716 13.
741 2670 794 2714 ln
833 2668 921 2716 hoc
953 2685 1197 2714 morarum
1231 2685 1421 2713 suarum
1454 2666 1657 2712 articulo
1693 2665 1814 2711 fama
1859 2663 1973 2710 exiit

563 2747 736 2809 legatos
751 2756 923 2791 sanctae
940 2745 1165 2790 Romanae
1181 2743 1395 2789 Ecclesiae
1412 2763 1435 2789 a
1451 2743 1678 2806 pontifice
1698 2742 1753 2787 acl
1770 2741 1968 2803 impera-
