2105 3348
609 285 686 323 24ss
907 282 1013 320 HIS}
1027 281 1149 318 ORlA
1180 278 1598 325 TRANSLATIONIS,
1629 293 1709 318 E'sc.

608 382 748 429 quam
764 379 928 409 eorum
949 361 1252 406 sacratissima
1272 376 1472 422 corpora
1486 358 1543 405 de
1552 359 1698 406 Roma
1712 361 1758 405 in
1770 361 2017 406 Franciam

608 440 753 487 delata
781 448 914 493 sunt,
943 456 1028 502 per
1051 437 1231 484 diversa
1258 437 1358 484 loca
1378 436 1622 492 fecerunt,
1654 437 1749 483 imo
1774 455 1904 501 quae,
1936 455 2020 501 per

606 518 800 564 illorum
826 515 959 562 beata
993 516 1160 562 merita
1185 527 1230 562 et
1257 517 1353 580 pias
1378 515 1645 571 orationes,
1673 516 1770 579 ipse
1793 533 1877 562 rex
1900 534 2022 561 mar-

609 608 770 660 tyrum
796 597 917 640 Deus
947 604 994 641 et
1017 595 1249 641 Dominus
1273 603 1433 640 noster
1452 593 1581 639 Jesus
1605 591 1843 649 Christus,
1871 593 1927 638 ad
1949 610 2023 638 sa-

609 674 756 719 lutem
785 673 1062 731 hominum,
1101 673 1288 736 operari
1325 671 1545 736 dignatus
1579 681 1670 727 est,
1712 670 2024 717 necessarium

603 750 808 815 judicavi
842 750 975 798 brevi
1006 749 1289 815 praefatione
1326 749 1646 814 perstringere
1676 748 1805 812 quod
1836 766 1891 795 ex
1925 747 2021 805 his,

608 846 716 894 quae
740 828 946 876 scribere
979 828 1217 892 disposui,
1253 829 1405 891 major
1429 844 1533 888 pars
1554 825 1610 872 ad
1633 827 1850 872 notitiam
1873 843 2026 872 meam

609 907 812 954 aliorum
827 907 1056 955 relatione
1073 907 1250 970 perlata
1264 917 1350 963 est3
1367 904 1542 970 quibus
1556 915 1711 951 tamen
1728 916 1781 950 ut
1796 903 1938 951 fidem
1951 903 2028 950 ha-

611 987 791 1042 berem,
808 1005 864 1033 ex
880 987 950 1032 his
965 1004 1074 1051 quae
1086 987 1183 1050 ipse
1193 986 1286 1031 vidi
1300 996 1346 1031 et
1361 1001 1518 1031 eoram
1538 984 1718 1047 positus
1729 983 1917 1047 agnovi,
1932 994 2026 1028 tam

612 1064 814 1111 firmiter
835 1064 949 1110 mihi
985 1081 1258 1128 persuasum
1279 1073 1370 1118 est,
1401 1073 1453 1108 ut
1473 1062 1573 1108 sine
1595 1061 1695 1107 ullo
1718 1059 2031 1107 dubitationis

611 1143 836 1206 scrupulo
850 1160 953 1188 vera
967 1159 1062 1189 esse
1074 1140 1333 1196 crederem,
1352 1158 1459 1204 quae
1476 1140 1533 1184 ab
1548 1139 1617 1184 his
1633 1137 1934 1195 dicebantur,
1947 1138 2029 1202 qui

613 1238 660 1267 se
687 1220 764 1266 illa
782 1220 949 1266 vidisse
970 1220 1123 1266 testati
1143 1229 1252 1264 sunt
1269 1254 1280 1274 ,
1312 1217 1491 1263 tametsi
1512 1233 1824 1280 personarum
1838 1251 1850 1272 ,
1874 1233 1897 1261 a
1917 1216 2032 1281 qui-

612 1295 701 1342 hus
720 1295 820 1343 haec
835 1295 1093 1352 audieram,
1111 1305 1192 1341 aut
1205 1311 1396 1359 parvam
1411 1304 1491 1339 aut
1510 1292 1690 1338 nullam
1709 1302 1898 1339 eatenus
1911 1292 2035 1339 noti-

613 1375 726 1420 tiam
740 1373 978 1421 haberem.
993 1374 1233 1420 Caeterum
1247 1371 1304 1418 de
1318 1371 1389 1418 his
1401 1369 1625 1418 omnibus
1637 1388 1685 1417 ea
1700 1369 1912 1433 primum
1923 1370 2035 1415 seri-

614 1450 764 1498 benda
784 1451 1010 1497 videntur
1033 1468 1141 1515 quae
1162 1451 1210 1496 in
1236 1467 1291 1496 eo
1315 1449 1421 1495 loeo
1441 1458 1590 1512 gesta,
1616 1456 1661 1494 et
1684 1465 1706 1492 a
1735 1447 1915 1511 meipso
1939 1447 2034 1493 visa

613 1540 750 1586 sunt,
777 1529 835 1575 ad
856 1546 999 1594 quem
1022 1546 1130 1576 suos
1149 1527 1488 1574 sacratissimos
1506 1526 1686 1572 cineres
1707 1526 1850 1572 iidem
1870 1525 2038 1572 beatis-

615 1607 720 1653 simi
760 1607 996 1671 Martyres
1037 1605 1284 1652 transferri
1323 1613 1674 1668 przeceperunt.
1715 1603 1896 1657 Deinde
1923 1603 1998 1649 illa
2020 1639 2032 1661 ,

616 1703 724 1749 quae
744 1686 791 1730 in
811 1685 1019 1749 Aquensi
1044 1684 1216 1748 palatio
1231 1720 1243 1739 ‚
1264 1682 1352 1729 sub
1372 1683 1482 1746 ipsis
1496 1682 1761 1730 aulicorum
1787 1680 2038 1728 obtutibus

616 1761 735 1810 facta
760 1772 1107 1809 memorantur.
1140 1763 1267 1808 Tum
1291 1778 1342 1808 ea
1361 1778 1470 1825 quae
1506 1778 1591 1824 per
1614 1760 1798 1806 diversa
1823 1760 1923 1807 loca
1940 1796 1952 1817 ,
1983 1760 2039 1807 ad

617 1857 749 1904 quae,
777 1839 1008 1904 religiosis
1038 1839 1152 1884 viris
1186 1838 1459 1902 petentibus
1485 1855 1536 1884 ac
1564 1854 1638 1883 me
1667 1837 1936 1894 tribuente,
1973 1855 2040 1884 sa-

620 1937 712 1966 crae
749 1918 944 1966 illorum
964 1918 1180 1982 reliquiae
1203 1917 1370 1964 delatae
1397 1928 1506 1963 sunt
1530 1953 1541 1972 ,
1575 1926 1700 1981 gesta
1729 1916 2006 1963 referuntur
2024 1952 2037 1974 ‚

620 1998 778 2044 censui
800 2014 894 2044 esse
925 1996 1169 2061 ponenda;
1200 2005 1278 2053 ut,
1304 1995 1394 2042 hoc
1419 1996 1590 2042 ordine
1619 1996 1668 2041 in
1688 1995 1922 2043 relatione
1946 2013 2042 2043 ser-

622 2085 730 2122 vato
748 2111 760 2131 ,
787 2075 908 2121 nihil
933 2085 1173 2122 remaneat
1192 2091 1249 2121 ex
1268 2072 1492 2121 omnibus
1511 2074 1656 2138 signis
1677 2083 1819 2138 atque
1839 2074 2042 2120 miracu-

625 2153 679 2198 lis
695 2189 707 2209 ,
755 2170 863 2216 quae
905 2153 962 2198 ad
1009 2162 1186 2199 nostrae
1229 2151 1477 2216 parvitatis
1524 2151 1745 2196 notitiam
1793 2152 2042 2215 pervenire

624 2241 903 2293 potuerunt.
931 2230 1019 2277 Sed
1039 2233 1163 2294 jam,
1191 2248 1319 2276 nunc
1349 2228 1632 2293 praefatione
1662 2229 1920 2292 completa,
1943 2230 2040 2293 ipsa

625 2325 732 2372 quae
749 2306 941 2354 dicenda
971 2319 1105 2363 sunt,
1131 2308 1352 2353 miracula
1383 2306 1698 2370 proferamus.

695 2618 772 2662 35.
802 2617 1055 2680 Postquam
1084 2633 1210 2662 sacra
1232 2614 1612 2663 beatissimorum
1641 2616 1909 2680 Martyrum
1943 2631 2044 2660 eor-

631 2710 772 2756 pora,
810 2693 930 2738 sicut
960 2695 1054 2754 jam
1093 2693 1139 2739 in
1180 2692 1503 2755 superioribus
1533 2694 1912 2740 demonstratum
1949 2702 2040 2748 est,

630 2767 1028 2832 ipsisjubentibns
1054 2780 1100 2815 et
1119 2769 1254 2816 nobis
1277 2788 1455 2816 morem
1478 2768 1837 2834 gerentibusffld
1860 2768 2013 2815 locum
2029 2802 2042 2824 ‚
