2105 3348
607 212 657 250 46
1032 204 1285 243 EINHARDI
1317 204 1586 245 EPISTOLAE.

606 303 708 337 tum
731 292 826 353 ipse
853 286 1100 341 annuerit,
1130 286 1205 332 cui
1233 295 1278 333 te
1302 295 1458 333 totum
1488 286 1795 344 commisisti,
1821 290 1917 351 ejus
1942 289 2014 352 (ι)

604 365 831 413 mandatis
853 362 1012 408 insiste
1033 360 1282 409 discendis.
1304 363 1387 408 His
1410 361 1603 409 edoctus
1623 363 1719 427 (2),
1740 373 1786 411 et
1805 364 1854 410 in
1873 381 2016 428 opere

605 459 769 490 eorum
796 448 1028 495 assuetus,
1056 438 1191 486 nullo
1225 438 1378 485 vitalis
1411 439 1620 486 scientiae
1657 440 1911 488 commodo
1941 458 2018 487 ca-

605 520 744 567 rebis.
774 518 905 564 Sicut
929 526 975 563 te
1003 534 1209 581 praesens
1243 518 1434 575 monui,
1470 519 1520 565 in
1552 518 1710 565 studio
1734 518 1941 566 discendi
1972 529 2019 566 te

604 613 791 653 exerce,
811 605 857 641 ct
876 595 1106 661 quicquid
1125 612 1181 642 ex
1206 597 1308 660 ipso
1334 596 1626 644 lucidissimo
1645 606 1692 644 et
1714 595 2019 644 abundantis-

604 675 722 721 simo
748 673 905 736 magni
930 673 1134 719 oratoris
1158 674 1232 738 (3)
1252 674 1446 739 ingenio
1470 674 1650 739 assequi
1676 672 1852 721 nobilis
1871 674 2020 721 scien-

605 752 682 797 tiae
700 750 941 815 potueris,
966 750 1086 796 nihil
1110 750 1345 797 intactum
1363 751 1578 816 relinque
1604 771 1614 796 :
1638 751 1840 797 maxime
1862 760 2020 798 autem

604 828 782 893 probos
814 845 971 875 mores
999 828 1149 887 illius,
1180 828 1352 894 quibus
1382 828 1570 876 excellit
1601 828 1695 892 (4),
1724 828 1900 875 imitari
1924 844 2019 875 me-

604 917 795 963 mento3
829 906 1058 972 quoniam
1085 907 1390 972 grammatica
1419 917 1466 955 et
1494 905 1731 954 rhetorica
1753 906 1853 971 (5),
1887 917 2022 953 caete-

606 1001 751 1047 raque
782 982 1052 1030 liberalium
1077 984 1251 1030 artium
1276 983 1425 1030 studia
1441 1020 1453 1041 ,
1492 1001 1609 1030 vana
1635 994 1747 1030 sunt
1763 1019 1776 1041 ,
1815 992 1861 1030 et
1888 982 2021 1029 valde

607 1061 771 1107 nociva
814 1061 959 1107 servis
992 1061 1105 1117 Dei,
1142 1061 1232 1107 nisi
1267 1078 1353 1126 per
1392 1062 1594 1126 gratiam
1631 1061 1841 1108 divinam
1880 1060 2021 1108 bonis

606 1137 819 1185 moribus
851 1138 1038 1185 subesse
1074 1149 1335 1185 noscantur
1360 1161 1369 1186 :
1394 1140 1503 1204 quia
1534 1140 1726 1187 scientia
1752 1139 1912 1197 inflat,
1942 1157 2021 1186 ca-

607 1217 717 1261 ritas
740 1232 855 1262 vero
883 1215 1104 1262 aedificat.
1134 1216 1307 1262 Melius
1337 1215 1454 1262 mihi
1480 1216 1674 1282 quidem
1699 1217 1769 1280 (6)
1803 1226 1872 1264 est
1897 1226 1951 1263 ut
1976 1227 2022 1264 te

606 1302 853 1338 mortuum
875 1291 1034 1339 videre
1057 1292 1305 1356 contingat
1320 1328 1334 1349 ‚
1360 1309 1504 1357 quam
1532 1291 1752 1339 inflatum
1776 1302 1824 1340 et
1845 1301 2024 1340 scaten-

608 1379 701 1415 tem
722 1369 865 1415 vitiis.
889 1369 1000 1416 Non
1020 1370 1148 1416 enim
1168 1370 1386 1416 Salvator
1404 1388 1427 1416 a
1447 1388 1494 1417 se
1512 1370 1856 1417 miraculorum
1878 1369 2019 1427 facta,

607 1447 684 1494 sed
699 1447 1114 1495 mansuetudinem
1131 1458 1178 1494 et
1197 1447 1354 1495 cordis
1370 1448 1691 1496 humilitatem
1708 1448 1887 1495 discere
1907 1466 2024 1512 prae-

606 1526 747 1589 cepit.
776 1524 902 1584 Quid
926 1525 1062 1589 plura
1077 1524 1100 1571 Ρ
1132 1526 1265 1590 Saepe
1291 1525 1392 1573 haec
1416 1536 1463 1574 et
1487 1526 1574 1573 alia
1594 1525 1732 1590 hujus
1750 1525 1880 1573 modi
1900 1543 1923 1571 a
1947 1543 2023 1572 me

605 1601 792 1647 audisti.
816 1602 1011 1648 Utinam
1030 1601 1287 1667 aliquando
1307 1604 1553 1669 contingat
1571 1603 1668 1649 istis
1687 1603 1760 1667 (7)
1779 1602 2020 1659 delectari,

606 1679 780 1744 quibus
795 1679 1029 1727 munditia
1045 1680 1199 1728 cordis
1217 1682 1548 1748 corporisque,
1569 1699 1654 1747 per
1670 1682 1754 1729 Dei
1774 1681 2021 1738 auxilium,

606 1759 886 1822 assequitur.
904 1759 1011 1805 Misi
1031 1761 1097 1822 (8)
1116 1760 1261 1824 igitur
1277 1760 1365 1807 tibi
1380 1760 1523 1809 verba
1543 1771 1590 1809 et
1610 1761 1807 1809 nomina
1822 1759 2025 1807 obscura

606 1854 661 1882 ex
707 1835 843 1881 libris
882 1837 1089 1884 Vitruvii
1113 1873 1126 1895 ‚
1166 1856 1275 1904 quae
1321 1838 1378 1886 ad
1415 1856 1621 1904 praesens
1664 1855 1917 1885 occurrere
1952 1837 2022 1901 (9)

603 1924 852 1977 poterant,
880 1924 935 1960 ut
959 1932 1128 1962 eorum
1155 1917 1380 1964 notitiam
1411 1916 1588 1964 ibidem
1620 1915 1937 1982 perquireres.
1960 1915 2025 1960 Et

605 1993 746 2039 credo
761 1992 891 2057 quod
905 2010 1071 2041 eorum
1091 1995 1293 2041 maxima
1309 2013 1416 2058 pars
1430 1994 1519 2041 tibi
1538 1993 1856 2041 demonstrari
1876 1992 2025 2056 possit

606 2070 654 2115 in
679 2069 899 2133 capsella,
931 2089 1074 2136 quam
1098 2071 1303 2120 domnus
1330 2073 1388 2119 E.
1417 2072 1653 2120 columnis
1684 2071 1932 2128 eburneis,
1965 2069 2021 2116 ad

607 2148 754 2193 instar
795 2148 1107 2213 antiquorum
1139 2168 1366 2214 operum,
1414 2149 1678 2196 fabricavit.
1720 2149 1786 2196 Et
1822 2159 2020 2213 propter

651 2293 702 2338 (ι)
727 2292 818 2328 Cod.
839 2295 882 2328 ei.

650 2352 701 2396 (2)
727 2351 819 2386 Cod.
838 2359 872 2386 et
890 2352 1031 2388 doctus.

652 2409 702 2455 (5)
726 2410 818 2446 Cod.
840 2418 1017 2447 oratores.

652 2469 701 2514 (4)
724 2469 814 2503 Cod.
832 2471 999 2504 excellet.

651 2527 701 2573 (5)
725 2527 817 2563 Cod.
837 2529 1026 2564 rethorica.

651 2586 700 2632 (6)
728 2587 818 2622 Cod.
840 2588 985 2635 qualem
1003 2601 1034 2624 e.
1056 2595 1095 2623 ut
1113 2590 1158 2624 de
1178 2603 1226 2625 m.

650 2647 700 2694 (7)
725 2646 815 2681 Cod.
835 2649 914 2682 iste.

650 2706 699 2751 (8)
724 2707 815 2741 Cod.
837 2710 919 2742 nisi.
944 2729 981 2732 -ψ
1001 2709 1051 2754 (9)
1077 2721 1235 2742 occurre.
