2105 3348
586 312 662 347 551⁴]
884 307 1125 343 Hlffi'l'Ol’xlA
1156 307 1576 348 'l'l'tANSI¹.=x'1‘lONIS,
1612 325 1689 347 izin.

582 387 909 433 membrorum
937 385 1144 444 viribus,
1176 386 1381 449 propriis
1407 385 1604 450 pedibus
1630 387 1684 433 asl
1713 406 1789 434 sua
1820 408 1999 455 reg-rog..

583 484 656 510 sus
681 477 764 510 est.

650 622 726 665 62.
762 620 879 665 Erat
904 619 1078 666 ibidem
1100 621 1218 666 alter
1238 638 1370 685 aeque
1388 621 1599 683 juvenis,
1622 622 1820 668 nomine
1839 623 2002 670 Gerla-

583 715 679 752 cus,
700 697 756 743 de
775 697 894 744 urbe
914 699 1173 745 Remorum
1189 734 1200 754 ‚
1228 699 1352 744 inter
1371 715 1474 754 eos,
1497 698 1578 761 qui
1594 734 1604 753 ,
1628 710 1828 762 propter
1851 699 2000 747 aedifi—

580 777 645 820 «tia
668 776 826 839 palatii
848 777 1189 833 construenda,
1216 777 1329 840 jussi
1351 775 1408 822 de
1434 776 1511 822 illa
1533 776 1720 823 civitate
1740 791 1993 824 venerunt.

578 855 619 898 Is
656 864 764 899 ante
799 853 1050 899 dimidium
1087 854 1187 901 fere
1222 871 1400 899 annum
1440 854 1487 899 in
1523 853 1688 900 eodem
1728 856 1835 901 vico
1853 891 1865 911 ‚
1899 867 1994 901 tam

577 929 726 976 valida
745 942 885 995 atque
904 932 1098 978 immani
1120 949 1382 978 nervorum
1398 932 1729 978 contractione
1749 944 1999 996 correptus

580 1019 666 1064 est,
686 1018 740 1053 ut
756 1009 894 1072 pedes
907 1009 1097 1055 natibus
1114 1021 1161 1056 et
1175 1027 1324 1073 genua
1341 1021 1506 1055 mento
1523 1008 1838 1056 cohaererent.
1858 1011 2000 1056 Hunc

580 1087 692 1133 socii
714 1098 856 1151 atque
880 1088 1139 1152 propinqui
1168 1088 1215 1134 in
1239 1087 1363 1133 ulnis
1384 1088 1477 1133 suis
1496 1087 1719 1144 ferentes,
1743 1088 1796 1134 ad
1819 1106 1999 1135 memo-

580 1181 627 1208 ra
637 1173 738 1208 tum
759 1165 1028 1211 oratorium
1048 1163 1353 1220 detule1-unt3
1385 1176 1432 1209 et
1451 1164 1559 1228 quia
1581 1164 1718 1211 aliter
1737 1182 1838 1210 non
1862 1175 2002 1229 pote-

580 1251 676 1296 rat,
704 1259 910 1304 pronum
927 1244 1083 1305 jacere
1108 1241 1351 1298 fecerunt,
1374 1252 1686 1307 sanctumque
1705 1242 1966 1307 Martyrem
1982 1278 1996 1299 ,

580 1327 632 1362 ut
652 1319 690 1364 ei
712 1319 883 1364 sanitas
902 1318 1199 1376 redderetur,
1222 1337 1332 1365 cum
1350 1337 1517 1384 magna
1536 1318 1792 1366 devotione
1809 1336 2002 1384 rogave-

580 1406 714 1440 runt.
755 1396 861 1442 Dies
904 1408 1004 1442 erat
1040 1396 1280 1443 dominica
1299 1433 1308 1450 ‚
1358 1407 1500 1461 atque
1542 1396 1657 1443 hora
1697 1396 1788 1442 diei
1827 1398 1965 1443 tertia
1984 1433 1997 1453 ,

582 1472 775 1536 quando
806 1473 919 1520 illuc
949 1475 1118 1520 allatus
1148 1486 1216 1520 est
1245 1495 1253 1518 :
1279 1475 1523 1539 jacuitque
1552 1473 1617 1520 ibi
1646 1492 1794 1539 usque
1824 1474 1881 1521 ad
1910 1473 2003 1521 ho·-

582 1567 685 1594 ram
705 1568 900 1597 nonam.
926 1552 1142 1616 Cumque
1162 1551 1368 1597 officium
1393 1551 1597 1614 ejusdem
1623 1550 1755 1598 horae
1775 1569 1798 1596 a
1821 1550 2002 1598 clericis

586 1639 704 1673 esset
724 1628 1003 1676 solemniter
1024 1629 1275 1693 impletum
1294 1666 1306 1685 ‚
1337 1647 1442 1675 ecce
1461 1628 1517 1675 de
1539 1646 1698 1692 capsa,
1720 1646 1827 1693 quae
1851 1647 2003 1675 sacras

582 1703 706 1751 beati
742 1707 966 1770 martyris
992 1707 1215 1771 reliquias
1248 1705 1551 1763 continebat,
1585 1717 1713 1752 tanta
1740 1707 2001 1752 suavissimi

582 1794 723 1846 atque
762 1784 931 1830 insueti
972 1785 1131 1831 odoris
1174 1784 1426 1848 fragrantia
1462 1782 1706 1848 egrediens
1745 1783 1809 1829 sic
1852 1794 2002 1830 totam

583 1862 781 1906 oratorii
819 1862 1036 1907 cellulam
1068 1862 1282 1926 implevit
1317 1872 1368 1906 ut
1399 1862 1446 1907 in
1481 1861 1846 1907 admirationem
1874 1862 1999 1924 ers,

583 1956 748 1985 omnes
779 1941 860 2004 qui
897 1940 1120 1996 aderant,
1158 1941 1492 1986 incunctanter
1518 1948 1816 2003 assurgerent
1834 1974 1845 1993 ,
1877 1956 1929 1985 ac
1957 1956 2003 1985 se

580 2030 779 2078 mutuo,
808 2037 866 2064 an
898 2019 1020 2065 idem
1053 2037 1218 2065 omnes
1251 2019 1498 2083 aequaliter
1528 2017 1784 2073 sentirent,
1819 2017 2000 2064 curiosa

581 2097 960 2160 interrogatione
979 2099 1332 2162 perquirerent.
1359 2097 1480 2143 Cum
1499 2095 1660 2143 subito
1682 2097 1841 2142 vident
1865 2113 1998 2152 eum,

580 2174 660 2237 qui
676 2176 809 2238 juxta
829 2174 1040 2238 jacebat,
1063 2176 1193 2222 velut
1211 2193 1233 2220 a
1254 2174 1538 2240 quibusdam
1558 2173 1832 2221 tenentibus
1851 2173 1998 2229 trahi;

580 2261 627 2296 et
647 2251 884 2307 membra,
914 2269 1022 2316 quae
1042 2251 1215 2298 morbo
1233 2262 1370 2297 erant
1388 2262 1630 2297 contracta
1645 2286 1657 2306 ‚
1681 2249 1870 2296 extendi
1895 2270 1906 2295 2
1930 2251 2003 2296 in-

580 2329 941 2392 telligentesque
968 2330 1178 2374 divinam
1206 2329 1360 2375 adesse
1387 2330 1614 2375 virtutem
1632 2364 1644 2385 ,
1669 2328 1887 2374 tulerunt
1912 2328 2002 2375 ho—

577 2406 784 2460 minem,
815 2417 862 2452 et
892 2423 1054 2452 coram
1083 2406 1216 2451 altari
1255 2406 1626 2453 collocaverunt.
1663 2405 1754 2466 Qui
1793 2424 1902 2452 cum
1930 2406 1996 2452 ibi

576 2485 758 2547 positus
780 2519 793 2540 ‚
837 2480 945 2529 cum
990 2483 1153 2528 multis
1200 2483 1419 2548 lacrymis
1461 2484 1679 2530 divinum
1721 2483 2000 2548 imploraret

576 2561 802 2608 auxilium
824 2598 837 2619 ‚
881 2563 1066 2607 cunctis
1105 2561 1410 2608 cernentibus
1441 2563 1503 2609 ita
1535 2573 1777 2611 correctus
1817 2573 1886 2610 est
1914 2574 1995 2621 ut,

574 2642 655 2706 qui
687 2640 907 2686 manibus
934 2640 1098 2687 alienis
1127 2639 1378 2687 subvectus
1407 2641 1454 2686 in
1485 2641 1751 2688 oratorium
1777 2651 1994 2697 venerat,

570 2720 779 2782 propriis
798 2717 997 2783 pedibus
1016 2720 1073 2765 de
1093 2721 1307 2767 oratorio
1325 2719 1624 2784 procederet.
1643 2719 1995 2766 Testimonium

569 2805 724 2842 tamen
746 2813 885 2859 quznn
907 2814 1150 2859 perpessus
1170 2807 1239 2843 est
1267 2797 1520 2860 passionis,
1543 2795 1694 2842 adhue
1721 2796 1766 2841 in
1789 2813 1873 2841 sno
1893 2812 1994 2840 cor-
