2105 3348
573 324 651 362 344
871 321 1117 359 HISTORIA
1148 319 1573 369 TRANSLATIONIS,
1607 336 1687 360 mc.

572 404 647 450 nit
671 402 782 448 illuc
805 401 958 464 puella
982 400 1224 464 quaedam,
1252 417 1392 445 curva
1409 435 1421 456 ‚
1447 401 1644 447 nomine
1668 401 1909 461 Bildrada,
1931 404 1988 451 de

573 480 681 526 villa
704 478 956 526 Boderetio
975 514 987 535 ‚
1020 495 1127 543 quae
1152 478 1362 541 pertinet
1386 477 1442 524 ad
1467 479 1811 526 monasterium
1836 481 1884 526 S.
1907 483 1990 530 Ve-

573 558 708 604 dasti.
732 557 850 616 Quae
875 575 983 603 cum
1004 567 1113 602 ante
1133 566 1415 603 memoratas
1434 557 1719 604 Sanctorum
1739 557 1959 622 reliquias
1973 595 1986 616 ,

572 652 661 697 pro
677 633 980 680 restitutione
1005 632 1165 678 salutis
1189 650 1311 687 suae,
1340 632 1600 679 Dominum
1622 631 1862 679 Christum
1886 651 1993 699 sup-

573 711 760 774 pliciter
782 710 1068 768 invocasset,
1089 726 1249 755 coram
1274 707 1499 756 omnihus
1521 709 1605 773 qui
1624 709 1820 756 aderant
1839 721 1991 757 erecta

571 798 640 834 est
658 823 670 843 ‚
711 797 757 834 et
793 789 1031 851 integrum
1072 786 1287 850 corporis
1323 787 1394 832 sui
1439 795 1614 832 statum
1657 786 1706 832 in
1744 797 1992 835 momento

573 863 801 928 temporis
824 863 1035 927 recipere
1060 863 1252 910 meruit.

639 1175 718 1219 77.
757 1171 922 1218 Postea
957 1185 1099 1224 vero,
1137 1167 1422 1215 duodecimo
1455 1167 1530 1214 die
1565 1165 1873 1214 kalendarum
1908 1185 1994 1213 au-

572 1258 842 1313 gustarum,
873 1246 1050 1293 femina
1081 1244 1324 1309 quaedam,
1363 1245 1561 1292 nomine
1591 1244 1793 1302 Eddela,
1825 1245 1990 1291 ancilla

574 1327 618 1372 S.
646 1323 892 1382 Amandi,v
911 1323 969 1370 de
1002 1322 1112 1369 villa
1144 1321 1381 1369 Baceroda
1411 1332 1600 1378 vocata,
1635 1340 1743 1386 quae
1774 1322 1993 1386 plurimis

572 1403 710 1449 annis
729 1401 981 1448 oculorum
1004 1400 1185 1446 lumine
1208 1399 1409 1446 caruisse
1431 1399 1695 1456 dicebatur,
1723 1399 1899 1446 ibidem
1923 1399 1995 1446 fe-

570 1482 727 1528 liciter
752 1497 892 1527 orans
911 1479 1065 1524 visum
1091 1478 1287 1541 recepit.
1316 1478 1501 1525 Eodem
1520 1477 1596 1525 die
1615 1496 1775 1526 servus
1799 1477 1993 1544 quidam

573 1561 619 1606 S.
641 1559 868 1614 Bavonis,
888 1555 1153 1603 Eberaldus
1168 1555 1426 1612 vocabulo,
1450 1556 1508 1602 de
1525 1556 1632 1602 villa
1656 1556 1890 1612 Millinio,
1910 1556 1990 1620 qui

575 1649 622 1685 et
640 1637 737 1701 ipse
755 1654 840 1700 per
857 1635 1017 1698 plures
1036 1651 1187 1681 annos
1206 1633 1369 1680 lumen
1390 1634 1500 1680 coeli
1523 1650 1623 1680 non
1645 1634 1763 1680 vidit
1778 1670 1789 1692 ,
1810 1633 1994 1679 cunctis

576 1715 658 1781 qui
684 1713 880 1761 aderant
897 1711 1205 1759 cernentibus
1219 1747 1232 1769 ,
1253 1711 1419 1759 eodem
1441 1712 1489 1757 in
1509 1712 1618 1759 loco
1636 1712 1718 1758 diu
1736 1712 1992 1759 desiderata

576 1793 682 1840 luce
713 1791 916 1837 donatus
949 1798 1035 1836 est.
1072 1790 1172 1852 Ipsa
1205 1805 1399 1853 quoque
1429 1788 1504 1836 die
1538 1788 1644 1835 duae
1676 1788 1858 1845 viduae,
1885 1806 1993 1853 quae

576 1868 795 1935 plurimis
813 1867 949 1914 annis
968 1884 1104 1913 caecae
1118 1865 1333 1921 fuerant,
1356 1865 1532 1914 ibidem
1551 1866 1832 1913 illuminatae
1852 1878 1963 1912 sunt
1977 1902 1989 1922 ‚

576 1964 780 2014 quarum
815 1945 961 1992 altera
995 1944 1194 1991 nomine
1234 1943 1494 2003 Blidwara,
1530 1944 1588 1990 de
1618 1944 1726 1990 villa
1761 1943 1988 2001 Accinio;

576 2026 721 2071 altera
741 2021 963 2070 Ricberta
987 2031 1176 2079 vocata,
1203 2021 1261 2068 de
1280 2021 1390 2068 villa
1410 2021 1693 2070 Vuerminio
1717 2021 1858 2069 fuisse
1881 2039 1993 2068 nar-

576 2111 726 2148 ratur.

646 2340 723 2384 78.
761 2335 940 2382 Deinde
971 2346 1079 2398 post
1107 2334 1203 2381 dies
1235 2335 1402 2397 viginti
1436 2335 1681 2398 quinque,
1724 2332 1771 2378 id
1803 2343 1902 2389 est,
1942 2333 1989 2378 in

575 2414 828 2464 festivitate
851 2412 1201 2476 Assumptionis
1226 2412 1410 2458 Sanctae
1437 2412 1626 2465 Mariae,
1657 2411 1830 2458 femina
1858 2429 1992 2475 quae-

577 2496 684 2542 dam
720 2483 953 2537 vocabulo
986 2489 1321 2553 Angarihikla,
1358 2490 1415 2537 dc
1444 2489 1551 2536 villa
1586 2490 1791 2547 Goizmo,
1831 2506 1989 2536 coram

576 2571 718 2619 sacris
741 2569 1010 2631 Martyrum
1034 2567 1271 2631 reliquiis,
1301 2568 1430 2613 omni
1459 2567 1639 2631 populo
1666 2575 1916 2622 cernente,
1944 2575 1991 2612 ct

578 2650 625 2697 id
665 2647 795 2713 quod
825 2655 1045 2693 evenerat
1080 2645 1374 2703 admirante,
1415 2646 1477 2691 ita
1522 2646 1764 2691 incurvata
1800 2655 1895 2701 est,
1935 2654 1990 2689 ut

575 2727 765 2793 penitus
798 2741 845 2770 sc
879 2723 936 2769 ad
970 2722 1146 2769 coelum
1180 2722 1437 2770 videndum
1468 2723 1647 2787 erigere
1680 2740 1779 2769 non
1811 2731 1984 2785 posset.

575 2805 863 2867 Eademque,
889 2802 1103 2866 sequenti
1129 2801 1220 2858 div,
1247 2802 1290 2847 id
1312 2814 1380 2849 cst
1398 2801 1584 2848 decimo
1604 2801 1807 2865 septimo
1825 2798 1986 2846 kalen-
