2105 3348
547 250 627 288 366
846 244 1090 284 HISTORIA
1122 243 1524 284 TRANSLATIONIS
1538 274 1547 293 ‚
1579 260 1659 287 mc.

547 324 737 373 obviam
772 322 864 369 illis
892 322 1233 385 processimus;
1260 337 1456 386 easque,
1481 332 1538 369 ut
1555 339 1642 386 par
1665 334 1793 383 erat,
1820 325 1969 373 hono-

547 403 679 450 rifice
722 400 1062 465 suscipienteS‚
1110 409 1254 464 atque
1293 398 1501 447 basilicae
1545 417 1656 447 cum
1693 401 1885 466 hymnis
1923 414 1970 451 et

546 476 844 528 orationibus
887 475 1175 534 inferenteS,
1221 487 1421 542 propter
1468 494 1672 542 corpora
1719 478 1971 527 beatorum

546 556 812 604 Marcellini
840 565 889 602 et
918 556 1076 613 Petri,
1109 572 1218 602 cum
1244 554 1425 603 feretro
1455 573 1554 621 quo
1581 566 1839 614 venerant,
1868 558 1971 604 col-

548 635 819 683 locavimus.
840 632 935 680 Ubi
961 651 1072 680 cum
1099 633 1149 681 in
1178 634 1441 680 crastinum
1468 634 1642 681 mulier
1670 633 1889 699 quaedam
1914 636 1972 682 de

546 713 770 778 proximo
808 711 1066 776 praediolo,
1107 712 1238 778 quod
1280 711 1600 759 Baldradestat
1641 723 1968 777 nuncupatur,

545 790 765 838 daemone
787 806 992 855 possessa
1014 807 1126 836 cum
1146 800 1322 837 caetero
1347 789 1529 854 populo
1549 789 1714 837 fuisset
1739 790 1968 855 ingressa,

548 868 699 933 coepit
738 886 945 934 nequam
990 869 1184 933 spiritus
1223 867 1456 926 fremere,
1497 885 1551 914 ac
1590 878 1880 931 prostratam
1923 868 1971 914 in

547 947 823 1012 pavimento
850 946 1101 1004 collidere,
1129 964 1357 1011 suamque
1379 946 1609 993 malitiam
1635 963 1796 993 coram
1819 945 1975 993 omni-

546 1025 637 1072 bus
677 1024 955 1073 confitendo
992 1024 1251 1089 publicare.
1289 1025 1507 1091 Cumque
1539 1042 1564 1071 a
1602 1023 1888 1090 presbytero
1928 1042 1975 1071 se

547 1103 850 1151 exorcizante
887 1102 1054 1150 fuisset
1100 1103 1451 1167 interrogatus,
1502 1102 1608 1167 quis
1655 1112 1803 1159 esset,
1848 1101 1976 1147 unde

549 1180 775 1236 venisset,
805 1180 999 1244 quando
1025 1189 1072 1227 et
1098 1196 1185 1226 cur
1213 1179 1264 1226 in
1292 1196 1394 1226 eam
1427 1179 1676 1235 intrasset;
1707 1178 1766 1225 ad
1793 1178 1975 1243 singula

547 1255 825 1321 respondit,
864 1274 1006 1322 seque
1041 1273 1145 1304 non
1179 1256 1335 1303 solum
1373 1256 1675 1313 daemonem,
1721 1254 1801 1302 sed
1835 1255 1977 1302 etiam

549 1335 770 1382 omnium
803 1335 1070 1383 viventium
1112 1335 1371 1400 pessimum
1414 1351 1510 1382 esse
1548 1342 1746 1381 testatus
1785 1343 1871 1381 est.
1911 1333 1977 1380 Et

549 1429 659 1458 cum
687 1411 939 1477 presbyter
971 1411 1030 1459 ab
1066 1430 1123 1461 eo
1154 1430 1341 1460 causam
1376 1422 1523 1461 tantae
1556 1412 1786 1477 nequitiae
1817 1411 1977 1476 requi-

550 1490 704 1546 sisset,
737 1490 909 1537 malam
938 1490 1238 1539 voluntatem
1268 1490 1391 1539 hanc
1421 1489 1511 1538 sibi
1542 1489 1764 1538 tribuisse
1788 1489 1976 1537 fateba-

551 1577 648 1615 tur.
677 1568 858 1616 Rursus
880 1586 991 1616 cum
1015 1568 1074 1615 ab
1098 1587 1156 1617 eo
1180 1578 1443 1634 quaereret,
1470 1568 1506 1614 si
1530 1585 1746 1634 unquam
1772 1568 1823 1614 in
1848 1567 1976 1615 coelo

550 1644 717 1692 fuisset
732 1663 746 1703 ;
778 1645 830 1692 in
850 1646 978 1694 coelo
1005 1664 1053 1694 se
1082 1646 1252 1705 fuisse,
1275 1656 1323 1694 et
1346 1646 1456 1694 inde
1484 1656 1686 1711 propter
1703 1643 1976 1710 superbiam

553 1721 788 1786 dejectum
824 1740 947 1781 esse,
997 1723 1238 1772 confessus
1285 1734 1373 1772 est.
1417 1723 1587 1772 Eidem
1635 1723 1973 1789 percontanti,

553 1808 720 1845 utrum
760 1798 1002 1848 Christum
1037 1801 1300 1849 Dominum
1335 1819 1487 1850 necne
1530 1800 1756 1859 vidisset;
1793 1801 1888 1859 ait,
1925 1801 1977 1848 in

554 1876 747 1928 inferno
783 1895 893 1925 eum
925 1897 949 1925 a
983 1897 1030 1927 se
1063 1880 1219 1927 visum
1257 1890 1475 1945 tempore
1513 1897 1611 1946 quo
1649 1897 1740 1944 pro
1780 1877 1974 1925 humani

553 1958 739 2017 generis
757 1955 1017 2006 salvatione
1037 1957 1190 2016 mori,
1211 1966 1354 2024 atque
1376 1958 1491 2006 illuc
1511 1957 1794 2006 descendere
1811 1956 1976 2022 digna-

554 2039 631 2076 tus
649 2041 736 2078 est.

623 2425 704 2471 92.
740 2421 836 2471 Ubi
865 2439 979 2486 vero
1003 2422 1062 2470 ad
1090 2423 1136 2470 id
1160 2433 1360 2471 ventum
1395 2435 1497 2486 est,
1530 2435 1586 2472 ut
1618 2443 1729 2474 eum
1759 2426 1976 2474 interro-

557 2513 714 2569 garet,
739 2503 777 2549 si
803 2502 1000 2549 nomina
1022 2502 1296 2568 Martyrum
1319 2514 1503 2563 nosset,
1528 2523 1737 2570 quorum
1759 2505 1976 2570 reliquiae

558 2581 712 2645 pridie
730 2580 883 2627 eidem
898 2579 1107 2628 ecclesiae
1130 2581 1272 2627 illatae
1292 2581 1437 2629 sunt?
1461 2583 1772 2643 «Notissima,
1796 2583 1971 2647 inquit,

558 2659 676 2706 mihi
708 2669 822 2706 sunt
856 2676 1027 2708 eorum
1054 2660 1249 2708 nomina
1279 2680 1290 2707 x
1319 2662 1428 2726 quia
1460 2663 1652 2728 quando
1683 2661 1802 2727 passi
1837 2671 1971 2720 sunt,

557 2754 764 2801 praesens
790 2736 997 2784 astabam
1013 2775 1027 2795 ,
1053 2755 1106 2784 ac
1133 2737 1191 2785 de
1216 2755 1384 2786 eorum
1410 2740 1696 2804 sempiterna
1725 2739 1874 2804 gloria
1899 2739 1973 2784 in-
