2105 3348
618 242 694 278 222
913 234 1153 273 HISTORIA
1184 233 1600 280 TRANSLATIONIS,
1633 248 1710 272 erc.

619 319 744 384 quod
763 353 773 372 ,
802 333 876 361 me
900 324 1081 360 tacente
1095 349 1107 369 ,
1133 323 1287 359 tamen
1313 329 1399 375 per
1419 312 1534 359 alios
1550 313 1765 361 celeriter
1789 332 1834 361 es
1855 315 2017 379 cogni-

620 410 752 442 turus
774 429 786 450 ‚
813 403 857 439 et
890 409 976 456 ego
1001 391 1125 437 illius
1151 391 1216 437 rei
1250 390 1338 435 sim
1374 389 1593 452 proditor
1621 391 1845 455 simplex,
1879 409 2019 456 quam

620 474 811 519 fortasse
844 469 961 515 alter
985 468 1019 514 si
1047 467 1336 531 prodiderit,
1366 484 1464 514 non
1494 467 1773 530 simpliciter
1796 470 2019 515 enuntia-

618 550 712 605 bit,
739 565 892 612 neque
916 547 1043 593 enim
1067 555 1246 610 potest,
1279 546 1389 611 quia
1417 546 1482 591 sic
1510 540 1677 591 natura
1698 557 2019 609 comparatum

618 638 710 683 est,
739 637 792 672 ut
813 625 902 672 hoc
927 626 1175 689 quisquam
1202 624 1429 671 veraciter
1455 623 1610 670 dicere
1636 635 1838 688 nequeat
1853 659 1865 680 ,
1895 626 2022 687 cujus

617 705 839 751 notitiam
854 721 953 750 non
973 721 1057 767 per
1077 720 1122 749 se
1147 703 1298 765 ipsum
1312 738 1324 759 ,
1350 702 1428 749 sed
1451 702 1653 748 aliorum
1677 701 1905 748 relatione
1922 701 2024 748 fue-

619 783 684 827 rit
721 791 966 828 assecutus.
999 780 1116 826 Tuae
1152 789 1340 825 tantum
1375 778 1480 825 fidei
1513 779 1789 835 committo,
1823 778 2024 842 qualiter

618 860 726 906 inde
750 876 934 906 mecum
951 867 1138 903 acturus
1159 857 1218 902 sis
1234 892 1245 912 ,
1269 867 1519 920 postquam
1536 873 1640 903 meo
1665 855 1815 902 relatu
1833 873 2023 902 omnem

619 937 685 983 rei
710 946 851 999 gestae
880 935 1127 980 veritatem
1145 934 1440 998 agnoveris.»

683 1016 762 1062 23.
801 1013 886 1059 Cui
923 1029 1030 1058 cum
1064 1030 1138 1058 me
1171 1029 1266 1058 non
1299 1010 1424 1057 aliud
1458 1021 1701 1070 acturum,
1730 1028 1873 1075 quam
1896 1010 2023 1075 quod

620 1093 742 1138 inter
776 1108 863 1137 nos
899 1089 1200 1145 conveniret,
1227 1087 1360 1135 brevi
1392 1104 1609 1134 sermone
1642 1087 2018 1152 respondissem:

621 1191 642 1213 «
658 1167 930 1232 Presbyter,
945 1167 1121 1231 inquit,
1138 1165 1234 1223 ille,
1254 1166 1337 1230 qui
1357 1164 1413 1210 ad
1427 1164 1700 1211 deferendas
1715 1164 1836 1212 beati
1849 1164 2024 1211 Tibur-

617 1246 670 1291 tii
691 1245 910 1310 reliquias
936 1244 1135 1290 Romam
1157 1244 1409 1306 meojussu
1434 1240 1675 1305 profectus
1697 1253 1790 1301 est,
1816 1259 1924 1288 cum
1950 1241 2019 1299 id,

618 1331 813 1385 propter
839 1319 968 1385 quod
994 1320 1075 1367 illo
1095 1329 1303 1374 venerat,
1335 1319 1395 1363 ita
1419 1329 1473 1364 ut
1496 1317 1684 1365 volebat
1701 1318 1927 1382 perficere
1946 1336 2024 1365 ne-

617 1400 866 1464 quivisset,
891 1400 1083 1462 jamque
1107 1397 1320 1444 notarius
1347 1408 1484 1453 tuus,
1512 1397 1736 1461 acceptiS,
1765 1395 1820 1444 de
1850 1396 2023 1462 quibus

617 1477 886 1542 loquimur,
925 1485 1198 1521 sanctorum
1242 1476 1516 1538 Martyrum
1551 1474 1788 1539 reliquiiS,
1825 1473 2023 1521 domum

614 1553 767 1600 redire
787 1551 1024 1598 statuisset
1040 1586 1052 1607 ,
1081 1550 1190 1596 iniit
1214 1568 1322 1596 cum
1342 1550 1424 1596 illo
1453 1550 1727 1607 consilium,
1749 1560 1804 1596 ut
1819 1550 1901 1597 illo
1920 1552 2021 1597 Ro-

616 1648 705 1676 mae
744 1629 988 1693 paululum
1026 1645 1181 1675 moras
1219 1628 1444 1683 faciente,
1484 1629 1606 1691 ipse,
1641 1646 1748 1674 cum
1783 1629 2022 1676 Lunisone

616 1707 762 1753 fratre
780 1705 1045 1752 Deusdonae
1065 1715 1111 1751 et
1135 1723 1244 1751 cum
1269 1704 1544 1752 hominibus
1567 1708 1664 1769 ejus
1681 1742 1692 1761 ,
1715 1706 1796 1770 qui
1822 1706 1927 1753 illos
1953 1724 2020 1752 sa-

614 1801 719 1830 cros
737 1784 916 1829 cineres
933 1782 1056 1829 ferre
1071 1781 1323 1838 debebant,
1340 1782 1529 1845 Papiam
1548 1799 1695 1847 usque
1713 1783 2018 1847 praecederet,

616 1862 777 1926 ibique
815 1861 938 1906 illius
975 1878 1026 1906 ac
1060 1860 1324 1908 Deusdonae
1360 1860 1714 1923 praestolaretur
1746 1859 2016 1908 adventum.

611 1939 793 1985 Placuit
818 1936 1049 1984 ambobus
1073 1937 1154 1983 isla
1181 1938 1463 1993 conventio,
1502 1937 1686 2002 illisque
1713 1939 1878 1985 Romae
1901 1938 2019 1984 sub-

610 2015 867 2071 stantibus,
905 2014 1174 2081 presbyter,
1217 2033 1324 2061 cum
1359 2016 1599 2063 Lunisone
1636 2034 1688 2062 ac
1719 2018 1876 2081 pueris
1910 2018 2018 2065 reli-

609 2093 740 2158 quias
761 2091 1050 2151 ferentibus,
1073 2093 1263 2157 Papiam
1281 2092 1616 2157 proficiscitur.
1644 2093 1752 2154 Quo
1775 2111 1882 2140 cum
1902 2105 2019 2141 esset

609 2180 892 2233 perventum
907 2204 920 2225 ,
943 2169 1111 2215 scrinia
1131 2187 1284 2217 sacros
1299 2171 1478 2216 cineres
1497 2170 1790 2218 continentia
1807 2171 1856 2216 in
1876 2171 2018 2219 eccle-

609 2246 672 2291 sia
699 2256 774 2291 tua
795 2262 919 2309 pone
941 2247 1085 2292 altare
1108 2256 1219 2292 sunt
1236 2246 1386 2311 posita
1401 2282 1413 2303 ,
1436 2256 1577 2312 atque
1598 2245 1657 2291 ab
1676 2245 2016 2294 excubantibus

611 2323 658 2369 in
678 2322 835 2369 eadem
848 2321 1054 2379 basilica,
1069 2322 1249 2370 clericis
1260 2342 1311 2370 ac
1322 2324 1469 2382 laiciS,
1483 2323 1699 2388 diligenti
1717 2324 1905 2372 solertia
1917 2343 2016 2373 cus-

609 2399 774 2446 todita.
797 2398 1007 2459 Quadam
1031 2418 1143 2447 vero
1163 2412 1322 2458 nocte,
1352 2419 1461 2448 cum
1479 2413 1526 2449 et
1550 2401 1646 2466 ipse
1674 2402 1798 2450 inter
1823 2414 2014 2451 caeteros

606 2475 663 2521 ad
692 2475 881 2522 easdem·
899 2475 1117 2522 excubias
1146 2478 1193 2523 in
1216 2478 1405 2525 ecclesia
1430 2477 1666 2542 vigilaret,
1705 2479 1932 2544 contigit,
1960 2493 2014 2526 ut

606 2555 702 2618 ipse
721 2553 900 2610 asserit,
926 2554 1045 2599 circa
1077 2555 1277 2601 mediam
1296 2555 1395 2603 fere
1416 2567 1624 2613 noctem,
1650 2567 1719 2614 ut,
1743 2557 2012 2622 obripiente

602 2629 827 2693 paulatim
858 2646 1052 2686 somno,
1087 2631 1293 2677 universi
1328 2633 1409 2697 qui
1439 2633 1560 2678 intra
1590 2631 1747 2679 eadem
1774 2631 2010 2680 basilicam

601 2705 821 2770 vigilandi
846 2708 992 2769 gratia
1013 2719 1354 2764 convenerant,
1375 2720 1550 2772 praeter
1566 2725 1612 2754 se
1636 2709 1807 2765 solum,
1825 2709 2008 2756 obdor-
