<?xml version="1.0" encoding="UTF-8"?>
<!DOCTYPE html PUBLIC "-//W3C//DTD XHTML 1.0 Transitional//EN"
    "http://www.w3.org/TR/xhtml1/DTD/xhtml1-transitional.dtd">
<html xmlns="http://www.w3.org/1999/xhtml" xml:lang="en" lang="en">
 <head>
  <title>
</title>
<meta http-equiv="Content-Type" content="text/html;charset=utf-8" />
  <meta name='ocr-system' content='tesseract 3.04.00' />
  <meta name='ocr-capabilities' content='ocr_page ocr_carea ocr_par ocr_line ocrx_word'/>
</head>
<body>
  <div class='ocr_page' id='page_1' title='image "./einhardiomniaqua02einhuoft_0442.png"; bbox 0 0 2105 3348; ppageno 0'>
   <div class='ocr_carea' id='block_1_1' title="bbox 553 278 1572 327">
    <p class='ocr_par' dir='ltr' id='par_1_1' title="bbox 553 278 1572 327">
     <span class='ocr_line' id='line_1_1' title="bbox 553 278 1572 327; baseline -0.012 0"><span class='ocrx_word' id='word_1_1' title='bbox 553 289 630 327; x_wconf 68' lang='lat'>409„</span> <span class='ocrx_word' id='word_1_2' title='bbox 923 280 1212 321; x_wconf 85' lang='lat' dir='ltr'>RHYTHMUS</span> <span class='ocrx_word' id='word_1_3' title='bbox 1240 280 1309 318; x_wconf 93' lang='lat' dir='ltr'>DE</span> <span class='ocrx_word' id='word_1_4' title='bbox 1339 278 1572 317; x_wconf 79' lang='lat' dir='ltr'>PASSIONE</span> 
     </span>
    </p>
   </div>
   <div class='ocr_carea' id='block_1_2' title="bbox 547 363 1819 2500">
    <p class='ocr_par' dir='ltr' id='par_1_2' title="bbox 547 363 1819 2500">
     <span class='ocr_line' id='line_1_2' title="bbox 553 363 1617 426; baseline -0.008 -10"><span class='ocrx_word' id='word_1_5' title='bbox 553 376 683 416; x_wconf 80' lang='lat' dir='ltr'>Fama</span> <span class='ocrx_word' id='word_1_6' title='bbox 706 371 827 413; x_wconf 78' lang='lat' dir='ltr'>velox</span> <span class='ocrx_word' id='word_1_7' title='bbox 842 403 852 420; x_wconf 80' lang='lat'>,</span> <span class='ocrx_word' id='word_1_8' title='bbox 879 384 953 426; x_wconf 89' lang='lat' dir='ltr'>per</span> <span class='ocrx_word' id='word_1_9' title='bbox 975 368 1115 410; x_wconf 73' lang='lat' dir='ltr'>vicina</span> <span class='ocrx_word' id='word_1_10' title='bbox 1136 367 1274 409; x_wconf 88' lang='lat' dir='ltr'>statim</span> <span class='ocrx_word' id='word_1_11' title='bbox 1300 365 1393 407; x_wconf 89' lang='lat' dir='ltr'>loca</span> <span class='ocrx_word' id='word_1_12' title='bbox 1413 363 1617 408; x_wconf 75' lang='lat' dir='ltr'>volitans,</span> 
     </span>
     <span class='ocr_line' id='line_1_3' title="bbox 554 441 1645 503; baseline -0.009 -11"><span class='ocrx_word' id='word_1_13' title='bbox 554 449 710 492; x_wconf 82' lang='lat' dir='ltr'>Multos</span> <span class='ocrx_word' id='word_1_14' title='bbox 729 446 850 488; x_wconf 75' lang='lat' dir='ltr'>valde</span> <span class='ocrx_word' id='word_1_15' title='bbox 872 445 1149 503; x_wconf 81' lang='lat' dir='ltr'>congregavit</span> <span class='ocrx_word' id='word_1_16' title='bbox 1165 445 1279 486; x_wconf 89' lang='lat' dir='ltr'>viros</span> <span class='ocrx_word' id='word_1_17' title='bbox 1305 452 1430 500; x_wconf 88' lang='lat' dir='ltr'>atque</span> <span class='ocrx_word' id='word_1_18' title='bbox 1449 441 1645 483; x_wconf 77' lang='lat' dir='ltr'>feminas.</span> 
     </span>
     <span class='ocr_line' id='line_1_4' title="bbox 552 517 1763 580; baseline -0.007 -12"><span class='ocrx_word' id='word_1_19' title='bbox 552 528 657 568; x_wconf 67' lang='lat' dir='ltr'>Nam</span> <span class='ocrx_word' id='word_1_20' title='bbox 680 540 764 566; x_wconf 93' lang='lat' dir='ltr'>non</span> <span class='ocrx_word' id='word_1_21' title='bbox 791 524 931 566; x_wconf 90' lang='lat' dir='ltr'>minus</span> <span class='ocrx_word' id='word_1_22' title='bbox 954 538 1082 580; x_wconf 89' lang='lat' dir='ltr'>quam</span> <span class='ocrx_word' id='word_1_23' title='bbox 1108 521 1285 563; x_wconf 80' lang='lat' dir='ltr'>trecenti</span> <span class='ocrx_word' id='word_1_24' title='bbox 1304 534 1540 562; x_wconf 87' lang='lat' dir='ltr'>convenere</span> <span class='ocrx_word' id='word_1_25' title='bbox 1563 517 1738 559; x_wconf 88' lang='lat' dir='ltr'>masculi</span> <span class='ocrx_word' id='word_1_26' title='bbox 1755 550 1763 564; x_wconf 84' lang='lat'>,</span> 
     </span>
     <span class='ocr_line' id='line_1_5' title="bbox 553 594 1667 657; baseline -0.007 -14"><span class='ocrx_word' id='word_1_27' title='bbox 553 602 781 643; x_wconf 84' lang='lat' dir='ltr'>Mulierum</span> <span class='ocrx_word' id='word_1_28' title='bbox 799 614 971 657; x_wconf 86' lang='lat' dir='ltr'>quoque</span> <span class='ocrx_word' id='word_1_29' title='bbox 992 597 1131 654; x_wconf 88' lang='lat' dir='ltr'>major</span> <span class='ocrx_word' id='word_1_30' title='bbox 1153 612 1355 638; x_wconf 89' lang='lat' dir='ltr'>numerus</span> <span class='ocrx_word' id='word_1_31' title='bbox 1380 594 1667 643; x_wconf 81' lang='lat' dir='ltr'>confluxerat,</span> 
     </span>
     <span class='ocr_line' id='line_1_6' title="bbox 551 670 1740 727; baseline -0.008 -6"><span class='ocrx_word' id='word_1_32' title='bbox 551 678 687 722; x_wconf 89' lang='lat' dir='ltr'>Simul</span> <span class='ocrx_word' id='word_1_33' title='bbox 705 693 850 720; x_wconf 91' lang='lat' dir='ltr'>omnes</span> <span class='ocrx_word' id='word_1_34' title='bbox 876 675 1133 718; x_wconf 79' lang='lat' dir='ltr'>admirantes</span> <span class='ocrx_word' id='word_1_35' title='bbox 1154 683 1341 715; x_wconf 78' lang='lat' dir='ltr'>sanctam</span> <span class='ocrx_word' id='word_1_36' title='bbox 1363 672 1520 714; x_wconf 76' lang='lat' dir='ltr'>Christi</span> <span class='ocrx_word' id='word_1_37' title='bbox 1544 670 1740 727; x_wconf 75' lang='lat' dir='ltr'>gloriam.</span> 
     </span>
     <span class='ocr_line' id='line_1_7' title="bbox 549 747 1749 807; baseline -0.008 -11"><span class='ocrx_word' id='word_1_38' title='bbox 549 754 715 796; x_wconf 85' lang='lat' dir='ltr'>Etenim</span> <span class='ocrx_word' id='word_1_39' title='bbox 740 752 971 795; x_wconf 79' lang='lat' dir='ltr'>cernebant</span> <span class='ocrx_word' id='word_1_40' title='bbox 994 750 1162 801; x_wconf 86' lang='lat' dir='ltr'>cuncti,</span> <span class='ocrx_word' id='word_1_41' title='bbox 1188 747 1305 807; x_wconf 90' lang='lat' dir='ltr'>quod</span> <span class='ocrx_word' id='word_1_42' title='bbox 1328 749 1371 789; x_wconf 91' lang='lat' dir='ltr'>in</span> <span class='ocrx_word' id='word_1_43' title='bbox 1394 747 1553 789; x_wconf 85' lang='lat' dir='ltr'>Christi</span> <span class='ocrx_word' id='word_1_44' title='bbox 1577 747 1749 788; x_wconf 89' lang='lat' dir='ltr'>nomine</span> 
     </span>
     <span class='ocr_line' id='line_1_8' title="bbox 549 823 1721 884; baseline -0.009 -11"><span class='ocrx_word' id='word_1_45' title='bbox 549 832 710 873; x_wconf 84' lang='lat' dir='ltr'>Omnes</span> <span class='ocrx_word' id='word_1_46' title='bbox 732 829 871 872; x_wconf 85' lang='lat' dir='ltr'>morbi</span> <span class='ocrx_word' id='word_1_47' title='bbox 895 837 1147 870; x_wconf 83' lang='lat' dir='ltr'>sanarentur</span> <span class='ocrx_word' id='word_1_48' title='bbox 1172 841 1246 884; x_wconf 86' lang='lat' dir='ltr'>per</span> <span class='ocrx_word' id='word_1_49' title='bbox 1269 839 1495 883; x_wconf 88' lang='lat' dir='ltr'>supernam</span> <span class='ocrx_word' id='word_1_50' title='bbox 1518 823 1696 880; x_wconf 75' lang='lat' dir='ltr'>gratiam</span> <span class='ocrx_word' id='word_1_51' title='bbox 1712 856 1721 873; x_wconf 83' lang='lat'>,</span> 
     </span>
     <span class='ocr_line' id='line_1_9' title="bbox 547 901 1656 967; baseline -0.008 -16"><span class='ocrx_word' id='word_1_52' title='bbox 547 910 712 967; x_wconf 88' lang='lat' dir='ltr'>Perque</span> <span class='ocrx_word' id='word_1_53' title='bbox 734 923 851 950; x_wconf 84' lang='lat' dir='ltr'>sacra</span> <span class='ocrx_word' id='word_1_54' title='bbox 874 907 988 948; x_wconf 89' lang='lat' dir='ltr'>Petri</span> <span class='ocrx_word' id='word_1_55' title='bbox 1007 906 1123 963; x_wconf 86' lang='lat' dir='ltr'>jussa</span> <span class='ocrx_word' id='word_1_56' title='bbox 1144 903 1405 963; x_wconf 83' lang='lat' dir='ltr'>pellerentur</span> <span class='ocrx_word' id='word_1_57' title='bbox 1426 901 1656 945; x_wconf 64' lang='lat' dir='ltr'>daemones.</span> 
     </span>
     <span class='ocr_line' id='line_1_10' title="bbox 550 979 1562 1041; baseline -0.008 -13"><span class='ocrx_word' id='word_1_58' title='bbox 550 988 601 1028; x_wconf 90' lang='lat' dir='ltr'>Et</span> <span class='ocrx_word' id='word_1_59' title='bbox 624 985 812 1027; x_wconf 80' lang='lat' dir='ltr'>videntes</span> <span class='ocrx_word' id='word_1_60' title='bbox 827 1017 837 1036; x_wconf 92' lang='lat'>,</span> <span class='ocrx_word' id='word_1_61' title='bbox 862 983 989 1026; x_wconf 87' lang='lat' dir='ltr'>corde</span> <span class='ocrx_word' id='word_1_62' title='bbox 1012 997 1121 1041; x_wconf 86' lang='lat' dir='ltr'>puro</span> <span class='ocrx_word' id='word_1_63' title='bbox 1146 997 1294 1039; x_wconf 85' lang='lat' dir='ltr'>capere</span> <span class='ocrx_word' id='word_1_64' title='bbox 1319 979 1562 1022; x_wconf 85' lang='lat' dir='ltr'>desiderant</span> 
     </span>
     <span class='ocr_line' id='line_1_11' title="bbox 549 1057 1678 1115; baseline -0.008 -9"><span class='ocrx_word' id='word_1_65' title='bbox 549 1063 701 1106; x_wconf 89' lang='lat' dir='ltr'>Fidem</span> <span class='ocrx_word' id='word_1_66' title='bbox 726 1062 885 1104; x_wconf 86' lang='lat' dir='ltr'>Christi</span> <span class='ocrx_word' id='word_1_67' title='bbox 908 1060 1133 1103; x_wconf 87' lang='lat' dir='ltr'>salutarem</span> <span class='ocrx_word' id='word_1_68' title='bbox 1153 1092 1162 1110; x_wconf 96' lang='lat'>,</span> <span class='ocrx_word' id='word_1_69' title='bbox 1190 1057 1315 1100; x_wconf 89' lang='lat' dir='ltr'>simul</span> <span class='ocrx_word' id='word_1_70' title='bbox 1337 1068 1462 1115; x_wconf 86' lang='lat' dir='ltr'>atque</span> <span class='ocrx_word' id='word_1_71' title='bbox 1487 1057 1678 1114; x_wconf 79' lang='lat' dir='ltr'>flagitant</span> 
     </span>
     <span class='ocr_line' id='line_1_12' title="bbox 550 1133 1554 1182; baseline -0.007 0"><span class='ocrx_word' id='word_1_72' title='bbox 550 1141 608 1182; x_wconf 87' lang='lat' dir='ltr'>Ut</span> <span class='ocrx_word' id='word_1_73' title='bbox 635 1142 677 1182; x_wconf 93' lang='lat' dir='ltr'>in</span> <span class='ocrx_word' id='word_1_74' title='bbox 704 1139 810 1181; x_wconf 89' lang='lat' dir='ltr'>sacri</span> <span class='ocrx_word' id='word_1_75' title='bbox 834 1146 1099 1180; x_wconf 88' lang='lat' dir='ltr'>mererentur</span> <span class='ocrx_word' id='word_1_76' title='bbox 1124 1135 1240 1177; x_wconf 88' lang='lat' dir='ltr'>unda</span> <span class='ocrx_word' id='word_1_77' title='bbox 1260 1133 1392 1177; x_wconf 81' lang='lat' dir='ltr'>fontis</span> <span class='ocrx_word' id='word_1_78' title='bbox 1420 1134 1554 1176; x_wconf 87' lang='lat' dir='ltr'>ablui.</span> 
     </span>
     <span class='ocr_line' id='line_1_13' title="bbox 551 1209 1764 1266; baseline -0.007 -8"><span class='ocrx_word' id='word_1_79' title='bbox 551 1218 646 1258; x_wconf 89' lang='lat' dir='ltr'>Huc</span> <span class='ocrx_word' id='word_1_80' title='bbox 669 1216 808 1258; x_wconf 86' lang='lat' dir='ltr'>statim</span> <span class='ocrx_word' id='word_1_81' title='bbox 823 1247 833 1266; x_wconf 89' lang='lat'>,</span> <span class='ocrx_word' id='word_1_82' title='bbox 859 1222 1039 1256; x_wconf 79' lang='lat' dir='ltr'>vocante</span> <span class='ocrx_word' id='word_1_83' title='bbox 1060 1213 1187 1254; x_wconf 90' lang='lat' dir='ltr'>Petro</span> <span class='ocrx_word' id='word_1_84' title='bbox 1203 1244 1213 1262; x_wconf 86' lang='lat'>‚</span> <span class='ocrx_word' id='word_1_85' title='bbox 1236 1212 1354 1253; x_wconf 80' lang='lat' dir='ltr'>venit</span> <span class='ocrx_word' id='word_1_86' title='bbox 1374 1211 1535 1253; x_wconf 83' lang='lat' dir='ltr'>Christi</span> <span class='ocrx_word' id='word_1_87' title='bbox 1555 1209 1764 1259; x_wconf 79' lang='lat' dir='ltr'>famulus,</span> 
     </span>
     <span class='ocr_line' id='line_1_14' title="bbox 550 1287 1798 1351; baseline -0.007 -15"><span class='ocrx_word' id='word_1_88' title='bbox 550 1296 734 1351; x_wconf 81' lang='lat' dir='ltr'>Magnus</span> <span class='ocrx_word' id='word_1_89' title='bbox 759 1301 919 1350; x_wconf 79' lang='lat' dir='ltr'>martyr</span> <span class='ocrx_word' id='word_1_90' title='bbox 938 1300 979 1334; x_wconf 91' lang='lat' dir='ltr'>et</span> <span class='ocrx_word' id='word_1_91' title='bbox 1004 1288 1236 1341; x_wconf 83' lang='lat' dir='ltr'>consessor,</span> <span class='ocrx_word' id='word_1_92' title='bbox 1263 1287 1541 1331; x_wconf 86' lang='lat' dir='ltr'>Marcellinus</span> <span class='ocrx_word' id='word_1_93' title='bbox 1565 1287 1798 1346; x_wconf 75' lang='lat' dir='ltr'>presbyter,</span> 
     </span>
     <span class='ocr_line' id='line_1_15' title="bbox 550 1364 1667 1424; baseline -0.008 -10"><span class='ocrx_word' id='word_1_94' title='bbox 550 1372 610 1414; x_wconf 87' lang='lat' dir='ltr'>Ut</span> <span class='ocrx_word' id='word_1_95' title='bbox 633 1369 850 1413; x_wconf 88' lang='lat' dir='ltr'>novellum</span> <span class='ocrx_word' id='word_1_96' title='bbox 873 1367 1148 1410; x_wconf 89' lang='lat' dir='ltr'>confirmaret</span> <span class='ocrx_word' id='word_1_97' title='bbox 1170 1365 1418 1424; x_wconf 87' lang='lat' dir='ltr'>baptismate</span> <span class='ocrx_word' id='word_1_98' title='bbox 1441 1364 1667 1423; x_wconf 89' lang='lat' dir='ltr'>populum.</span> 
     </span>
     <span class='ocr_line' id='line_1_16' title="bbox 553 1441 1686 1506; baseline -0.007 -15"><span class='ocrx_word' id='word_1_99' title='bbox 553 1448 664 1506; x_wconf 69' lang='lat' dir='ltr'>Quae</span> <span class='ocrx_word' id='word_1_100' title='bbox 686 1447 789 1489; x_wconf 91' lang='lat' dir='ltr'>dum</span> <span class='ocrx_word' id='word_1_101' title='bbox 814 1456 950 1488; x_wconf 89' lang='lat' dir='ltr'>essent</span> <span class='ocrx_word' id='word_1_102' title='bbox 970 1443 1201 1502; x_wconf 87' lang='lat' dir='ltr'>adimpleta</span> <span class='ocrx_word' id='word_1_103' title='bbox 1224 1443 1483 1501; x_wconf 88' lang='lat' dir='ltr'>competenti</span> <span class='ocrx_word' id='word_1_104' title='bbox 1508 1441 1659 1484; x_wconf 89' lang='lat' dir='ltr'>ordine</span> <span class='ocrx_word' id='word_1_105' title='bbox 1677 1474 1686 1487; x_wconf 84' lang='grc'>,</span> 
     </span>
     <span class='ocr_line' id='line_1_17' title="bbox 551 1518 1487 1581; baseline -0.009 -14"><span class='ocrx_word' id='word_1_106' title='bbox 551 1526 669 1567; x_wconf 90' lang='lat' dir='ltr'>Nutu</span> <span class='ocrx_word' id='word_1_107' title='bbox 690 1525 771 1565; x_wconf 89' lang='lat' dir='ltr'>Dei</span> <span class='ocrx_word' id='word_1_108' title='bbox 793 1521 1045 1581; x_wconf 87' lang='lat' dir='ltr'>quaterdeni</span> <span class='ocrx_word' id='word_1_109' title='bbox 1069 1519 1158 1562; x_wconf 91' lang='lat' dir='ltr'>dies</span> <span class='ocrx_word' id='word_1_110' title='bbox 1181 1518 1341 1561; x_wconf 84' lang='lat' dir='ltr'>evoluti</span> <span class='ocrx_word' id='word_1_111' title='bbox 1365 1529 1487 1570; x_wconf 85' lang='lat' dir='ltr'>sunt,</span> 
     </span>
     <span class='ocr_line' id='line_1_18' title="bbox 551 1594 1706 1661; baseline -0.008 -16"><span class='ocrx_word' id='word_1_112' title='bbox 551 1603 633 1646; x_wconf 90' lang='lat' dir='ltr'>Per</span> <span class='ocrx_word' id='word_1_113' title='bbox 656 1617 763 1661; x_wconf 91' lang='lat' dir='ltr'>quos</span> <span class='ocrx_word' id='word_1_114' title='bbox 785 1600 930 1644; x_wconf 88' lang='lat' dir='ltr'>Sancti</span> <span class='ocrx_word' id='word_1_115' title='bbox 952 1613 1073 1641; x_wconf 86' lang='lat' dir='ltr'>novae</span> <span class='ocrx_word' id='word_1_116' title='bbox 1097 1597 1234 1655; x_wconf 75' lang='lat' dir='ltr'>gentis</span> <span class='ocrx_word' id='word_1_117' title='bbox 1260 1597 1478 1638; x_wconf 88' lang='lat' dir='ltr'>nationem</span> <span class='ocrx_word' id='word_1_118' title='bbox 1501 1594 1706 1638; x_wconf 82' lang='lat' dir='ltr'>roborant</span> 
     </span>
     <span class='ocr_line' id='line_1_19' title="bbox 554 1670 1643 1734; baseline -0.009 -12"><span class='ocrx_word' id='word_1_119' title='bbox 554 1681 634 1731; x_wconf 90' lang='lat' dir='ltr'>Ut,</span> <span class='ocrx_word' id='word_1_120' title='bbox 662 1679 705 1721; x_wconf 87' lang='lat' dir='ltr'>in</span> <span class='ocrx_word' id='word_1_121' title='bbox 730 1678 901 1721; x_wconf 86' lang='lat' dir='ltr'>Christo</span> <span class='ocrx_word' id='word_1_122' title='bbox 923 1684 1240 1734; x_wconf 86' lang='lat' dir='ltr'>permanentes,</span> <span class='ocrx_word' id='word_1_123' title='bbox 1267 1683 1481 1715; x_wconf 84' lang='lat' dir='ltr'>creaturas</span> <span class='ocrx_word' id='word_1_124' title='bbox 1504 1670 1643 1713; x_wconf 81' lang='lat' dir='ltr'>colere</span> 
     </span>
     <span class='ocr_line' id='line_1_20' title="bbox 554 1749 1733 1812; baseline -0.008 -13"><span class='ocrx_word' id='word_1_125' title='bbox 554 1757 725 1807; x_wconf 87' lang='lat' dir='ltr'>Nolint,</span> <span class='ocrx_word' id='word_1_126' title='bbox 754 1757 883 1797; x_wconf 76' lang='lat' dir='ltr'>vitam</span> <span class='ocrx_word' id='word_1_127' title='bbox 906 1769 1043 1812; x_wconf 91' lang='lat' dir='ltr'>neque</span> <span class='ocrx_word' id='word_1_128' title='bbox 1067 1753 1189 1794; x_wconf 88' lang='lat' dir='ltr'>istam</span> <span class='ocrx_word' id='word_1_129' title='bbox 1210 1751 1327 1794; x_wconf 80' lang='lat' dir='ltr'>velut</span> <span class='ocrx_word' id='word_1_130' title='bbox 1347 1750 1492 1807; x_wconf 79' lang='lat' dir='ltr'>magni</span> <span class='ocrx_word' id='word_1_131' title='bbox 1513 1749 1733 1807; x_wconf 84' lang='lat' dir='ltr'>quippiam</span> 
     </span>
     <span class='ocr_line' id='line_1_21' title="bbox 556 1825 1787 1891; baseline -0.006 -16"><span class='ocrx_word' id='word_1_132' title='bbox 556 1832 903 1891; x_wconf 78' lang='lat' dir='ltr'>Amplectanturz,</span> <span class='ocrx_word' id='word_1_133' title='bbox 929 1832 1060 1872; x_wconf 90' lang='lat' dir='ltr'>immo</span> <span class='ocrx_word' id='word_1_134' title='bbox 1082 1829 1215 1872; x_wconf 83' lang='lat' dir='ltr'>velint</span> <span class='ocrx_word' id='word_1_135' title='bbox 1239 1837 1412 1887; x_wconf 90' lang='lat' dir='ltr'>propter</span> <span class='ocrx_word' id='word_1_136' title='bbox 1434 1828 1572 1886; x_wconf 90' lang='lat' dir='ltr'>ipsum</span> <span class='ocrx_word' id='word_1_137' title='bbox 1594 1825 1787 1885; x_wconf 85' lang='lat' dir='ltr'>perdere.</span> 
     </span>
     <span class='ocr_line' id='line_1_22' title="bbox 617 1902 1760 1959; baseline -0.008 -7"><span class='ocrx_word' id='word_1_138' title='bbox 617 1916 659 1952; x_wconf 90' lang='lat'>7.</span> <span class='ocrx_word' id='word_1_139' title='bbox 694 1910 770 1951; x_wconf 91' lang='lat' dir='ltr'>His</span> <span class='ocrx_word' id='word_1_140' title='bbox 790 1908 969 1957; x_wconf 77' lang='lat' dir='ltr'>exactis,</span> <span class='ocrx_word' id='word_1_141' title='bbox 998 1905 1116 1949; x_wconf 88' lang='lat' dir='ltr'>adest</span> <span class='ocrx_word' id='word_1_142' title='bbox 1137 1905 1233 1948; x_wconf 87' lang='lat' dir='ltr'>saevi</span> <span class='ocrx_word' id='word_1_143' title='bbox 1256 1905 1408 1946; x_wconf 83' lang='lat' dir='ltr'>missus</span> <span class='ocrx_word' id='word_1_144' title='bbox 1432 1903 1557 1945; x_wconf 89' lang='lat' dir='ltr'>lictor</span> <span class='ocrx_word' id='word_1_145' title='bbox 1576 1902 1760 1959; x_wconf 68' lang='lat' dir='ltr'>judicis,</span> 
     </span>
     <span class='ocr_line' id='line_1_23' title="bbox 556 1981 1684 2043; baseline -0.006 -15"><span class='ocrx_word' id='word_1_146' title='bbox 556 1986 716 2028; x_wconf 87' lang='lat' dir='ltr'>Jubens</span> <span class='ocrx_word' id='word_1_147' title='bbox 739 2001 886 2028; x_wconf 91' lang='lat' dir='ltr'>omnes</span> <span class='ocrx_word' id='word_1_148' title='bbox 907 1985 984 2043; x_wconf 90' lang='lat' dir='ltr'>qui</span> <span class='ocrx_word' id='word_1_149' title='bbox 1006 1983 1186 2026; x_wconf 71' lang='lat' dir='ltr'>fuissent</span> <span class='ocrx_word' id='word_1_150' title='bbox 1210 1991 1318 2025; x_wconf 85' lang='lat' dir='ltr'>tetro</span> <span class='ocrx_word' id='word_1_151' title='bbox 1339 1981 1469 2023; x_wconf 90' lang='lat' dir='ltr'>clausi</span> <span class='ocrx_word' id='word_1_152' title='bbox 1493 1995 1684 2030; x_wconf 84' lang='lat' dir='ltr'>carcere,</span> 
     </span>
     <span class='ocr_line' id='line_1_24' title="bbox 557 2057 1730 2120; baseline -0.006 -16"><span class='ocrx_word' id='word_1_153' title='bbox 557 2061 624 2104; x_wconf 90' lang='lat' dir='ltr'>Ad</span> <span class='ocrx_word' id='word_1_154' title='bbox 653 2070 928 2120; x_wconf 88' lang='lat' dir='ltr'>conspectum</span> <span class='ocrx_word' id='word_1_155' title='bbox 956 2069 1079 2102; x_wconf 89' lang='lat' dir='ltr'>nocte</span> <span class='ocrx_word' id='word_1_156' title='bbox 1100 2059 1238 2118; x_wconf 85' lang='lat' dir='ltr'>prima</span> <span class='ocrx_word' id='word_1_157' title='bbox 1263 2057 1414 2100; x_wconf 90' lang='lat' dir='ltr'>arbitri</span> <span class='ocrx_word' id='word_1_158' title='bbox 1438 2057 1627 2099; x_wconf 86' lang='lat' dir='ltr'>assistere</span> <span class='ocrx_word' id='word_1_159' title='bbox 1651 2058 1730 2112; x_wconf 83' lang='lat'><em>(1).</em></span> 
     </span>
     <span class='ocr_line' id='line_1_25' title="bbox 561 2133 1763 2197; baseline -0.006 -16"><span class='ocrx_word' id='word_1_160' title='bbox 561 2138 695 2197; x_wconf 84' lang='lat' dir='ltr'>Quod</span> <span class='ocrx_word' id='word_1_161' title='bbox 717 2137 928 2195; x_wconf 86' lang='lat' dir='ltr'>externplo</span> <span class='ocrx_word' id='word_1_162' title='bbox 952 2153 1051 2179; x_wconf 87' lang='lat' dir='ltr'>cum</span> <span class='ocrx_word' id='word_1_163' title='bbox 1074 2136 1260 2179; x_wconf 90' lang='lat' dir='ltr'>audisset</span> <span class='ocrx_word' id='word_1_164' title='bbox 1285 2136 1366 2178; x_wconf 88' lang='lat' dir='ltr'>atri</span> <span class='ocrx_word' id='word_1_165' title='bbox 1387 2144 1530 2177; x_wconf 89' lang='lat' dir='ltr'>custos</span> <span class='ocrx_word' id='word_1_166' title='bbox 1553 2133 1734 2176; x_wconf 82' lang='lat' dir='ltr'>carceris</span> <span class='ocrx_word' id='word_1_167' title='bbox 1752 2165 1763 2183; x_wconf 87' lang='lat'>‚</span> 
     </span>
     <span class='ocr_line' id='line_1_26' title="bbox 561 2211 1740 2272; baseline -0.004 -15"><span class='ocrx_word' id='word_1_168' title='bbox 561 2215 734 2258; x_wconf 85' lang='lat' dir='ltr'>Blandis</span> <span class='ocrx_word' id='word_1_169' title='bbox 757 2216 923 2258; x_wconf 82' lang='lat' dir='ltr'>vinctos</span> <span class='ocrx_word' id='word_1_170' title='bbox 937 2248 947 2266; x_wconf 90' lang='lat'>,</span> <span class='ocrx_word' id='word_1_171' title='bbox 974 2215 1050 2272; x_wconf 90' lang='lat' dir='ltr'>qui</span> <span class='ocrx_word' id='word_1_172' title='bbox 1070 2213 1268 2264; x_wconf 85' lang='lat' dir='ltr'>aderant,</span> <span class='ocrx_word' id='word_1_173' title='bbox 1293 2212 1470 2255; x_wconf 82' lang='lat' dir='ltr'>vocibus</span> <span class='ocrx_word' id='word_1_174' title='bbox 1490 2211 1740 2269; x_wconf 88' lang='lat' dir='ltr'>alloquitur,</span> 
     </span>
     <span class='ocr_line' id='line_1_27' title="bbox 561 2289 1819 2348; baseline -0.005 -15"><span class='ocrx_word' id='word_1_175' title='bbox 561 2292 677 2333; x_wconf 89' lang='lat' dir='ltr'>Irent</span> <span class='ocrx_word' id='word_1_176' title='bbox 700 2291 866 2341; x_wconf 87' lang='lat' dir='ltr'>cuncti,</span> <span class='ocrx_word' id='word_1_177' title='bbox 889 2306 1065 2348; x_wconf 88' lang='lat' dir='ltr'>quoquo</span> <span class='ocrx_word' id='word_1_178' title='bbox 1091 2305 1260 2332; x_wconf 86' lang='lat' dir='ltr'>versum</span> <span class='ocrx_word' id='word_1_179' title='bbox 1282 2289 1408 2331; x_wconf 81' lang='lat' dir='ltr'>vellet</span> <span class='ocrx_word' id='word_1_180' title='bbox 1429 2289 1607 2346; x_wconf 84' lang='lat' dir='ltr'>quisque</span> <span class='ocrx_word' id='word_1_181' title='bbox 1629 2301 1819 2345; x_wconf 81' lang='lat' dir='ltr'>pergere.</span> 
     </span>
     <span class='ocr_line' id='line_1_28' title="bbox 568 2364 1792 2428; baseline -0.005 -17"><span class='ocrx_word' id='word_1_182' title='bbox 568 2369 693 2428; x_wconf 85' lang='lat' dir='ltr'>«Qui</span> <span class='ocrx_word' id='word_1_183' title='bbox 715 2367 767 2409; x_wconf 87' lang='lat' dir='ltr'>ad</span> <span class='ocrx_word' id='word_1_184' title='bbox 790 2367 975 2426; x_wconf 87' lang='lat' dir='ltr'>palmam</span> <span class='ocrx_word' id='word_1_185' title='bbox 991 2399 1001 2417; x_wconf 88' lang='lat'>,</span> <span class='ocrx_word' id='word_1_186' title='bbox 1026 2367 1189 2423; x_wconf 88' lang='lat' dir='ltr'>inquit,</span> <span class='ocrx_word' id='word_1_187' title='bbox 1218 2367 1339 2422; x_wconf 81' lang='lat' dir='ltr'>regni</span> <span class='ocrx_word' id='word_1_188' title='bbox 1366 2365 1588 2423; x_wconf 79' lang='lat' dir='ltr'>pervenire</span> <span class='ocrx_word' id='word_1_189' title='bbox 1612 2364 1792 2421; x_wconf 84' lang='lat' dir='ltr'>cogitat,</span> 
     </span>
     <span class='ocr_line' id='line_1_29' title="bbox 562 2442 1557 2500; baseline -0.007 -10"><span class='ocrx_word' id='word_1_190' title='bbox 562 2447 638 2489; x_wconf 94' lang='lat' dir='ltr'>Ille</span> <span class='ocrx_word' id='word_1_191' title='bbox 663 2461 830 2488; x_wconf 86' lang='lat' dir='ltr'>mecum</span> <span class='ocrx_word' id='word_1_192' title='bbox 849 2443 902 2486; x_wconf 89' lang='lat' dir='ltr'>ad</span> <span class='ocrx_word' id='word_1_193' title='bbox 924 2443 1071 2486; x_wconf 89' lang='lat' dir='ltr'>Sereni</span> <span class='ocrx_word' id='word_1_194' title='bbox 1090 2442 1249 2500; x_wconf 88' lang='lat' dir='ltr'>judicis</span> <span class='ocrx_word' id='word_1_195' title='bbox 1273 2442 1557 2500; x_wconf 64' lang='lat' dir='ltr'>praesentiam,</span> 
     </span>
    </p>
   </div>
   <div class='ocr_carea' id='block_1_3' title="bbox 563 2519 1668 2579">
    <p class='ocr_par' dir='ltr' id='par_1_3' title="bbox 563 2519 1668 2579">
     <span class='ocr_line' id='line_1_30' title="bbox 563 2519 1668 2579; baseline -0.007 -11"><span class='ocrx_word' id='word_1_196' title='bbox 563 2527 714 2567; x_wconf 85' lang='lat' dir='ltr'>Poenas</span> <span class='ocrx_word' id='word_1_197' title='bbox 738 2523 798 2566; x_wconf 87' lang='lat' dir='ltr'>ibi</span> <span class='ocrx_word' id='word_1_198' title='bbox 824 2522 1064 2573; x_wconf 88' lang='lat' dir='ltr'>subiturus,</span> <span class='ocrx_word' id='word_1_199' title='bbox 1090 2535 1263 2579; x_wconf 76' lang='lat' dir='ltr'>pergere</span> <span class='ocrx_word' id='word_1_200' title='bbox 1290 2536 1374 2561; x_wconf 88' lang='lat' dir='ltr'>non</span> <span class='ocrx_word' id='word_1_201' title='bbox 1400 2519 1564 2562; x_wconf 86' lang='lat' dir='ltr'>dubitet</span> <span class='ocrx_word' id='word_1_202' title='bbox 1591 2520 1668 2574; x_wconf 88' lang='lat'>(2).</span> 
     </span>
    </p>
   </div>
   <div class='ocr_carea' id='block_1_4' title="bbox 614 2714 1154 2827">
    <p class='ocr_par' dir='ltr' id='par_1_4' title="bbox 614 2714 1154 2827">
     <span class='ocr_line' id='line_1_31' title="bbox 614 2714 1154 2761; baseline -0.006 -10"><span class='ocrx_word' id='word_1_203' title='bbox 614 2719 664 2761; x_wconf 67' lang='lat'>(1)</span> <span class='ocrx_word' id='word_1_204' title='bbox 689 2715 783 2751; x_wconf 89' lang='lat' dir='ltr'>Cod.</span> <span class='ocrx_word' id='word_1_205' title='bbox 803 2715 952 2748; x_wconf 61' lang='lat' dir='ltr'>arbitris</span> <span class='ocrx_word' id='word_1_206' title='bbox 969 2714 1154 2749; x_wconf 75' lang='lat' dir='ltr'>adsisticr.</span> 
     </span>
     <span class='ocr_line' id='line_1_32' title="bbox 614 2780 964 2827; baseline -0.006 -12"><span class='ocrx_word' id='word_1_207' title='bbox 614 2786 663 2827; x_wconf 67' lang='grc' dir='ltr'>(ν.)</span> <span class='ocrx_word' id='word_1_208' title='bbox 690 2780 785 2815; x_wconf 79' lang='lat' dir='ltr'>Edit.</span> <span class='ocrx_word' id='word_1_209' title='bbox 811 2780 964 2814; x_wconf 70' lang='lat' dir='ltr'>haesitet.</span> 
     </span>
    </p>
   </div>
  </div>
 </body>
</html>
