2105 3348
602 260 678 297 318
899 254 1140 292 HISTORIA
1172 251 1590 298 'l‘RANSL.U‘IONlS,
1624 268 1701 290 mc.

601 339 720 396 ruit,
750 346 795 382 ct
820 334 1039 380 similiter
1068 343 1119 378 ut
1152 343 1261 378 ante
1296 332 1634 395 imperaverat,
1668 333 1725 378 ad
1748 335 2012 381 oratorium

600 430 791 478 pergere
815 410 1058 475 praecepit.
1083 410 1213 456 Fecit
1240 409 1317 456 ille
1334 445 1346 465 ‚
1378 420 1432 455 ut
1453 411 1608 473 J'ussus
1635 409 1819 467 fuerat,
1850 412 1927 459 sed
1954 430 2013 459 ne

600 505 712 538 tunc
739 488 932 554 quidem
960 487 1138 553 aliquid
1166 498 1323 534 actum
1345 497 1431 534 est.
1457 488 1624 534 Tertio
1646 505 1760 536 vero
1792 507 2013 537 commo—

600 570 727 614 nitus
752 566 910 624 venit,
936 576 982 612 et
1007 564 1090 612 ubi
1118 582 1276 612 coram
1302 565 1438 611 altari
1465 565 1521 611 ad
1546 565 1780 612 orandum
1805 584 1851 614 se
1875 584 2014 630 pros-

598 645 764 701 travit,
795 644 948 690 visum
977 643 1175 707 recepit.
1215 643 1352 688 Hunc
1389 659 1499 700 nos,
1533 642 1648 689 dum
1679 642 1831 689 adhuc
1867 660 2016 690 caecus

597 734 739 780 esset,
786 723 913 769 inter
952 722 1067 769 alios
1110 739 1338 787 pauperes
1379 739 1431 768 ac
1466 721 1642 769 debiles
1680 722 1924 769 multoties
1966 723 2016 767 in

595 801 740 847 domo
772 811 933 847 nostra
973 798 1326 847 mendicantem
1361 799 1566 846 vidimus
1593 819 1604 845 :
1639 799 1839 864 ideoque
1870 800 2016 845 alium

596 879 961 926 illuminationis
987 879 1084 942 ejus
1110 889 1277 925 testem
1304 895 1403 925 non
1427 878 1758 943 quaesivimus,
1781 877 1891 942 quia
1913 876 2016 923 suf-

596 956 736 1004 ficere
774 955 913 1004 nobis
953 955 1256 1003 credebamus
1301 956 1629 1004 testimonium
1670 973 1768 1003 non
1813 955 2017 1002 fallentis

597 1036 901 1083 conscientiae
927 1045 1121 1083 nostrae.

662 1665 740 1710 55.
771 1664 891 1709 Cum
912 1680 968 1709 ex
990 1662 1061 1709 his
1084 1663 1282 1728 aliisque
1305 1663 1635 1728 compluribus
1656 1666 1887 1709 virtutum
1914 1681 2022 1726 ope-

595 1741 864 1789 rationibus
879 1780 890 1800 ,
916 1758 1002 1804 per
1023 1741 1389 1805 circumpositos
1409 1742 1537 1788 vicos
1559 1752 1607 1789 et
1624 1758 1785 1806 pagOS,
1808 1741 2022 1787 salutaris

593 1819 716 1865 fama
747 1818 1094 1875 crebresceret,
1136 1819 1310 1866 mulier
1341 1819 1560 1885 quaedam
1596 1819 1653 1866 de
1687 1837 1808 1885 pago
1838 1818 2019 1865 Ribua-

594 1897 750 1952 rensi,
780 1896 936 1943 multo
961 1900 1061 1960 jam
1089 1907 1305 1961 tempore
1329 1914 1449 1944 caeca
1471 1933 1482 1952 ,
1511 1898 1666 1944 visum
1689 1897 1949 1962 recipiendi
1975 1907 2023 1943 et

592 1973 880 2021 desiderium
903 1974 1045 2020 simul
1070 1985 1116 2021 et
1142 1974 1364 2021 fiduciam
1389 1973 1565 2021 habens
1583 2011 1594 2030 ‚
1622 1974 1679 2021 ad
1703 1985 2021 2021 memoratum

593 2053 863 2099 oratorium
898 2070 945 2099 se
978 2053 1166 2117 rogavit
1198 2052 1383 2099 adduci.
1422 2053 1640 2118 Cumque
1675 2053 1758 2100 illo
1791 2053 2017 2108 venisset,

594 2140 688 2176 tres
721 2140 846 2177 totos
877 2128 977 2177 dies
995 2166 1006 2187 ‚
1036 2131 1332 2195 totidemque
1364 2141 1529 2178 noctes
1559 2130 1735 2178 ibidem
1760 2130 1945 2178 orando
1975 2141 2023 2176 et

587 2206 848 2270 jejunando
884 2208 1204 2254 continuavit.
1241 2208 1332 2255 Sed
1365 2225 1473 2254 cum
1509 2208 1565 2253 ad
1595 2224 1802 2271 praesens
1832 2207 2022 2253 nullum

595 2283 646 2328 in
678 2300 726 2330 se
754 2295 993 2347 exoptatae
1027 2285 1241 2330 sanitatis
1278 2287 1496 2332 sensisset
1525 2284 1785 2341 indicium,
1821 2284 2021 2332 domum

593 2359 785 2407 reducta
813 2373 882 2408 est
893 2380 906 2418 ς
942 2363 1198 2426 paucisque
1233 2363 1528 2427 interpositis
1561 2361 1751 2419 diebus,
1786 2379 1866 2427 spe
1895 2363 2021 2410 reci-

592 2439 753 2502 piendi
779 2439 976 2487 luminis
999 2440 1125 2486 haud
1147 2459 1266 2488 vane
1291 2452 1546 2507 concepta,
1579 2442 1753 2490 iterum
1785 2460 1832 2490 se
1859 2442 1916 2488 ad
1944 2459 2020 2487 sa-

590 2530 691 2558 cras
717 2512 942 2578 reliquias
967 2513 1136 2561 deduci
1161 2516 1364 2580 rogavit.
1394 2515 1504 2576 Quo
1530 2533 1640 2563 cum
1663 2515 1723 2562 ab
1747 2533 1847 2564 uno
1869 2531 2019 2580 puero

588 2589 915 2637 duceretur—
934 2610 1044 2638 nam
1063 2593 1147 2657 qui
1169 2594 1300 2658 prius
1312 2612 1415 2641 eam
1440 2594 1523 2642 illo
1545 2594 1871 2652 deduxerunt,
1888 2610 2017 2658 spem

590 2670 688 2731 ejus
712 2669 844 2716 velut
867 2670 1058 2717 inanem
1077 2689 1128 2717 ac
1150 2673 1793 2737 supervacuamjudicante5‚
1820 2672 2018 2720 ulterius

587 2763 695 2791 cum
724 2745 796 2791 illa
828 2747 893 2794 ire
916 2748 1182 2796 noluerunt
1211 2749 1374 2796 —ubi
1399 2750 1454 2796 ad
1474 2751 1808 2798 coemeterium
1830 2750 2015 2814 Aquen-
