2105 3348
568 231 618 268 74
989 224 1240 263 EINHARDI
1272 222 1542 263 EPISTOLAE.

568 308 693 355 nulla
708 307 802 352 dies
822 305 982 359 fuerit,
999 312 1251 367 postquam
1269 303 1326 350 de
1339 302 1487 368 Aquis
1507 305 1742 367 promovi,
1761 305 1878 368 quin
1894 306 1966 369 (i)

569 385 652 432 hac
685 383 756 429 vel
794 381 869 426 illa
901 379 1177 428 infirmitate
1209 381 1280 444 (2)
1318 379 1598 427 laborarem.
1633 381 1757 428 Sunt
1790 382 1966 445 pariter

571 463 670 509 haec
703 471 749 507 et
784 459 871 504 alia
907 475 1013 522 quae
1051 457 1168 504 mihi
1203 477 1259 506 ex
1294 458 1376 507 illo
1407 456 1607 515 morbo,
1634 459 1684 505 in
1710 476 1808 524 quo
1843 477 1971 507 anno

569 537 811 602 praeterito
831 536 984 599 jacui,
1012 537 1335 601 contigerant,
1362 535 1516 583 dextri
1539 535 1757 582 videlicet
1777 535 1970 584 femoris

569 614 824 660 continuus
850 622 1042 676 torpor,
1064 630 1116 659 ac
1138 614 1310 678 splenis
1329 631 1450 677 pene
1475 612 1787 660 intolerabilis
1811 614 1967 662 dolor.

569 691 649 736 His
673 689 968 754 passionibus
989 690 1208 749 affectus,
1243 691 1375 738 valde
1407 692 1590 738 tristem
1615 708 1668 737 ac
1696 708 1817 754 pene
1839 692 1973 738 omni

560 768 856 831 jucunditate
873 778 1112 816 carentem
1132 768 1254 817 duco
1281 769 1453 826 vitam;
1477 771 1527 816 in
1547 786 1602 817 eo
1625 769 1829 816 maxime
1845 769 1977 834 quod

569 847 712 894 timeo
748 863 823 894 me
857 845 1002 892 aliubi
1035 864 1179 911 quam
1215 847 1382 903 velim,
1410 857 1457 894 et
1487 847 1616 893 aliud
1651 848 1720 910 (3)
1759 857 1975 911 agentem

565 942 707 989 quam
731 925 902 970 sanctis
924 924 1098 970 Christi
1119 924 1413 990 Martyribus
1430 926 1711 971 servientem
1725 960 1738 981 ,
1763 941 1858 971 esse
1876 940 1976 970 mo—

566 1003 792 1048 riturum.
812 1002 1114 1066 Quapropter
1129 1002 1295 1065 adjuro
1313 1019 1396 1049 vos
1412 1012 1458 1049 et
1476 1001 1692 1049 obtestor
1707 1019 1791 1066 per
1812 1000 1976 1048 beatos

569 1078 744 1125 Christi
772 1090 997 1142 martyres
1021 1079 1352 1126 Marcellinum
1369 1089 1416 1126 et
1438 1080 1635 1126 Petrum
1649 1115 1663 1138 ,
1689 1089 1742 1125 ut
1761 1095 1853 1142 pro
1875 1096 1975 1125 mea

567 1156 796 1218 parvitate
814 1156 938 1219 apud
956 1156 1221 1220 piissimum
1246 1157 1579 1221 imperatorem
1603 1156 1893 1203 intercedere
1910 1155 1979 1202 di-

564 1234 800 1297 gnemini,
840 1242 892 1280 ut
929 1251 1029 1281 non
1068 1234 1187 1280 mihi
1225 1251 1498 1281 succensere
1536 1235 1607 1298 (4)
1642 1233 1757 1280 velit
1796 1250 1886 1297 pro
1920 1250 1978 1281 eo

566 1312 697 1376 quod
734 1312 830 1369 illi,
857 1314 980 1359 sicut
1014 1312 1061 1360 hi
1093 1313 1176 1378 qui
1213 1323 1506 1377 potuerunt,
1544 1314 1594 1359 in
1626 1329 1880 1360 occursum
1907 1312 1977 1374 (5)

565 1407 665 1437 non
687 1391 934 1438 venissem.
954 1391 1132 1456 Utique
1146 1403 1273 1438 certe
1290 1391 1362 1455 (6)
1385 1392 1614 1439 venissem
1636 1391 1673 1437 si
1697 1391 1977 1454 potuissem,

564 1478 611 1513 et
640 1469 825 1515 veniam
849 1487 958 1515 cum
988 1470 1200 1533 primum
1223 1480 1452 1533 potuero;
1481 1480 1528 1516 et
1550 1469 1647 1516 sive
1668 1467 1860 1525 absens,
1885 1468 1981 1515 sive

566 1563 796 1609 praesens,
824 1546 973 1592 fidelis
1003 1547 1043 1593 ei
1075 1546 1384 1611 permanebo.
1421 1548 1596 1593 Precor
1629 1546 1778 1610 igitur
1811 1545 1981 1591 carita-

567 1633 664 1668 tem
686 1634 890 1670 vestram
920 1633 1001 1681 ut,
1034 1635 1130 1670 tam
1155 1624 1213 1671 de
1239 1625 1353 1670 actis
1378 1624 1450 1688 (7)
1477 1640 1620 1689 quam
1642 1622 1833 1687 agendis
1856 1621 1981 1686 apud

566 1715 649 1745 vos
667 1698 827 1757 rebus,
851 1717 939 1763 per
961 1700 1144 1747 litteras
1166 1710 1340 1748 vestras
1357 1717 1452 1759 me,
1471 1709 1654 1765 quanto
1675 1698 1871 1746 celerius
1889 1715 1982 1762 po-

568 1777 783 1832 tueritis,
820 1788 1006 1824 certum
1037 1776 1190 1824 facere
1228 1777 1508 1842 dignemini.
1550 1776 1678 1840 Opto
1710 1786 1765 1822 ut
1797 1791 1981 1839 semper

565 1851 686 1900 bene
712 1854 900 1901 valeatis
925 1855 974 1900 in
995 1855 1225 1902 Domino.

629 1929 798 1976 Omnia
818 1947 925 1995 quae
948 1947 1079 1977 nunc
1108 1932 1157 1977 in
1184 1930 1276 1979 hoc
1298 1949 1448 1997 regno
1470 1940 1731 1996 geruntur,
1761 1929 1980 1977 revelan-

566 2005 690 2052 tibus
718 2005 893 2052 Christi
918 2006 1209 2070 Martyribus
1233 2019 1343 2055 ante
1365 2006 1643 2064 biennium,
1670 2006 1832 2053 futura
1856 2024 1982 2071 prae-

565 2083 686 2130 dicta
709 2085 783 2148 (8)
805 2094 935 2131 sunt.

612 2303 662 2346 (1)
687 2301 781 2337 Cod.
798 2304 927 2349 quiin.

612 2362 662 2406 (2)
687 2360 778 2397 Cod.
798 2362 1141 2415 illam-firmitatem.

613 2419 662 2466 (3)
687 2419 780 2455 Cod.
799 2421 905 2455 aliut.

611 2479 662 2523 (4)
688 2477 780 2514 Cod.
804 2491 1030 2514 suscensere.

614 2539 667 2583 (5)
693 2538 786 2574 Cod.
807 2541 844 2573 in
865 2539 931 2574 hoc
950 2553 1109 2575 cursum.

612 2597 662 2643 (6)
686 2598 750 2632 Hae
770 2598 848 2633 duae
866 2611 969 2633 voces
985 2601 1022 2634 in
1042 2600 1130 2635 edit.
1151 2601 1418 2637 desiderantur.

608 2659 662 2704 (7)
688 2657 781 2693 Cod.
799 2658 942 2693 (linceis.

611 2719 661 2762 (S)
686 2718 777 2753 Cod.
802 2719 980 2766 proedidc'.
