2105 3348
606 355 682 394 164
983 353 1046 389 Al)
1079 348 1333 387 ElNHARDI
1366 347 1631 387 EPISTOLAS

604 436 692 478 sato
712 434 873 476 dictum
891 441 952 473 est
972 430 1194 489 Apostolo‚
1210 430 1330 472 vobis
1348 445 1596 488 responsum
1615 430 1792 488 accipite
1815 448 1822 472 :
1849 448 1868 470 «
1884 430 2011 473 Suffi-

605 514 661 555 cit
681 512 754 554 tibi
776 511 910 568 gratia
931 525 1040 560 mea,
1063 525 1161 551 nam
1181 509 1313 550 virtus
1334 508 1375 549 in
1400 507 1645 549 infirmitate
1661 507 1880 565 perficitur
1895 508 1955 567 (1)
1970 527 2010 549 ».

604 592 647 633 Si
679 588 852 648 quidem
879 598 919 630 et
952 588 1039 646 ipse
1073 602 1299 629 moerorem
1333 587 1497 644 scriptoe
1528 585 1756 636 orationis,
1791 586 1825 626 si
1853 586 1947 644 quis
1975 587 2015 627 ei

599 666 799 709 subortus
828 664 995 711 fuerat.
1032 664 1113 706 hoc
1153 663 1397 706 admonitus
1431 661 1606 704 oraculo
1639 660 1756 703 aliud
1793 672 2011 720 oportere.
2041 714 2043 716 Ι

599 743 809 801 deposuit.
826 741 1086 799 Hujusmodi
1111 742 1334 799 praeceptis
1354 750 1395 782 ct
1417 739 1618 798 exemplis
1636 755 1762 782 sacrae
1786 739 2015 798 Scripturae

599 819 783 878 capitula
811 818 1042 861 exuberant
1065 836 1072 859 2
1098 833 1214 875 quae,
1247 817 1454 874 quoniam
1470 850 1479 863 .
1505 826 1551 858 ut
1578 816 1757 872 insignis
1778 817 1838 858 ait
1861 817 2012 868 Poeta,

601 912 714 938 «non
734 897 927 939 canimus
946 894 1084 937 surdis
1114 893 1173 953 (τι.)
1196 912 1238 945 υ,
1263 893 1583 952 epistolarisque
1607 903 1768 935 coartat
1791 893 1986 951 angustia
2003 926 2013 943 ‚

598 973 841 1031 praeteriens
858 1006 868 1023 ,
904 971 1024 1013 vobis
1060 970 1373 1012 consideranda
1414 969 1628 1028 relinquo.
1670 970 1896 1013 Suffecerit
1927 970 2015 1012 haec

599 1060 763 1092 tantum
782 1050 966 1106 tetigisse
981 1082 991 1100 ‚
1012 1064 1106 1106 quae
1125 1046 1213 1089 sola
1236 1057 1403 1105 recepta
1426 1045 1615 1088 vulneris
1633 1045 1762 1103 hujus
1785 1055 2014 1096 tumorem,

600 1136 809 1184 quantum
832 1141 926 1167 mea
947 1124 1032 1167 sert
1057 1124 1227 1183 opinio,
1253 1122 1440 1164 mulcere
1473 1132 1598 1181 atque
1627 1121 1784 1174 lenire,
1810 1123 2017 1180 largiente

599 1204 812 1253 Domino,
839 1211 1057 1261 poterunt.
1084 1200 1348 1259 Quanquam
1384 1200 1489 1242 mihi
1519 1199 1653 1241 multa
1680 1199 1868 1241 volventi
1901 1198 2017 1240 aliud

601 1281 727 1322 etiam
763 1289 981 1328 occurrat,
1008 1277 1127 1335 quod
1159 1277 1241 1318 hoc
1264 1277 1344 1318 Dei
1372 1275 1587 1333 judicium
1622 1275 1856 1318 clementiae
1889 1291 2017 1334 quam

602 1356 832 1399 iracundiae
867 1356 1003 1397 videri
1042 1355 1172 1413 possit
1219 1354 1498 1396 certissimum
1536 1353 1859 1396 documentum.
1909 1352 2017 1394 Nam

601 1437 702 1493 quia
730 1454 748 1475 «
773 1434 957 1492 flagellat
978 1448 1149 1475 omnem
1175 1431 1310 1473 filium
1339 1447 1466 1489 quem
1493 1432 1643 1489 recipit
1669 1431 1731 1491 (3)
1750 1450 1790 1479 u.
1816 1430 2016 1473 affectum

602 1523 789 1555 vestrum
815 1512 858 1553 in
891 1510 1034 1551 uxoris
1067 1524 1211 1550 amore
1240 1507 1419 1550 forsitan
1450 1507 1714 1550 subdivisum
1740 1524 1826 1550 non
1850 1523 2016 1566 passus,

605 1591 745 1649 putari
765 1597 899 1647 potest
918 1587 969 1629 ad
993 1602 1034 1629 se
1054 1586 1191 1628 solum
1212 1585 1443 1628 amandum
1471 1586 1732 1627 revocavisse
1746 1619 1755 1635 ,
1782 1601 1831 1627 ac
1859 1585 1893 1626 si
1916 1583 2019 1642 quid

605 1667 698 1724 ejus
729 1666 899 1724 corpori
940 1665 1274 1721 intemperanter
1307 1661 1527 1720 diligendo
1566 1662 1660 1721 plus
1693 1663 1808 1719 justo
1843 1678 1866 1704 a
1900 1662 2022 1704 vobis

609 1741 824 1785 indultum
857 1741 1019 1792 suerat,
1057 1739 1249 1796 ejusdem
1284 1739 1476 1797 corporis
1505 1739 1795 1782 subtractione
1815 1739 2016 1797 puniisse.

609 1822 805 1878 Cumque
828 1835 904 1878 per
927 1817 1187 1876 Prophetam
1206 1817 1398 1874 loquitur
1419 1835 1427 1859 ι
1458 1835 1477 1856 «
1497 1817 1593 1858 Non
1619 1827 1848 1875 consurget
1867 1816 2023 1875 duplex

609 1897 826 1940 tribulatio
838 1894 947 1954 (4)»,
967 1893 1082 1952 quod
1094 1894 1231 1934 LXX.
1250 1894 1531 1951 interpretum
1553 1894 1611 1936 sic
1629 1894 1829 1952 expressit
1846 1893 2024 1936 transla-

609 1975 690 2017 tio:
708 1973 836 2014 «Non
849 1970 1147 2029 judicatDeus
1159 1969 1223 2011 bis
1242 1970 1285 2010 in
1304 1968 1538 2028 idipsum»,
1552 1971 1622 2013 hic
1634 1970 1861 2014 emendare
1874 1970 2027 2029 digna-

610 2061 676 2093 tus
697 2060 784 2102 est,
809 2047 927 2107 quod
946 2057 992 2089 ut
1010 2047 1140 2089 homo
1166 2046 1422 2099 excessistis,
1437 2073 1496 2079 --
1514 2063 1638 2090 nemo
1659 2049 1774 2090 enim
1791 2047 1978 2090 mundus
2001 2065 2025 2090 a

611 2125 851 2168 sorde—ne
868 2122 972 2182 quid
993 2123 1164 2180 gravius
1176 2123 1219 2164 in
1229 2138 1304 2164 vos
1321 2122 1581 2182 quandoque
1596 2123 1857 2168 decerneret.
1877 2125 2026 2184 Quare

612 2203 694 2246 Dei
718 2200 917 2260 amplecti
939 2198 1100 2242 debetis
1123 2201 1374 2242 immensam
1396 2201 1594 2259 pietatem
1609 2234 1620 2254 ,
1646 2202 1721 2259 qui
1743 2217 1818 2244 vos
1839 2217 1913 2244 sua
1931 2201 2027 2259 dig-

616 2295 693 2321 nos
712 2277 971 2335 judicaverit
995 2277 1277 2328 correctione,
1302 2292 1431 2334 quam
1455 2276 1661 2319 offensam
1684 2276 2028 2328 metuere‚disci-

617 2354 743 2414 plina)
785 2352 899 2395 illius
926 2352 1102 2394 verbera
1134 2354 1402 2396 sustinentes.
1434 2352 1582 2405 «Fili,
1623 2353 1762 2412 inquit
1798 2354 2026 2407 Salomon,

617 2431 708 2474 noli
728 2430 909 2473 deficere
927 2446 951 2472 a
973 2429 1197 2487 disciplina
1213 2431 1408 2482 Domini,
1428 2441 1469 2472 et
1488 2446 1539 2472 ne
1556 2429 1747 2488 'fatigeris
1763 2465 1773 2481 ‚
1793 2448 1889 2474 cum
1907 2432 1960 2474 ab
1978 2448 2028 2474 eo

703 2646 714 2754 ζ
741 2708 850 2754 Virg.
874 2706 956 2753 Egl.
980 2718 1030 2739 10.

679 2772 713 2818 5)
738 2772 795 2807 Cf.
815 2770 915 2805 Paul.
937 2769 980 2804 ad
999 2770 1110 2804 Hebr.
1130 2782 1190 2812 xn,
1211 2770 1244 2803 (3.

683 2841 716 2880 l)

662 2646 675 2881 aexaexaexfx

680 2721 698 2742 τό
