2105 3348
577 258 655 298 354
877 255 1119 294 HISTORIA
1151 254 1578 302 TRANSLATIONIS‚
1608 269 1687 296 mc.

578 338 747 391 nisset,
771 345 1051 397 erumpente
1078 334 1303 399 protinus
1320 333 1379 380 de
1401 332 1595 380 naribus
1621 337 1718 399 ejus
1735 338 1959 402 sanguine
1973 373 1987 396 ,

578 432 673 479 quo
703 413 785 459 diu
819 413 1030 476 privatus
1054 412 1234 469 fuerat,
1264 411 1454 458 auditus
1487 412 1643 459 officio
1675 413 1878 461 donatus
1901 426 1987 462 est.

576 494 629 537 ln
655 491 915 537 crastinum
938 502 1116 547 autem,
1150 490 1197 537 id
1232 500 1302 537 est
1325 500 1499 553 quarto
1532 488 1633 536 idus
1656 491 1809 554 junii,
1840 492 1990 539 visum

578 579 646 616 cst
674 567 813 616 nobis
841 579 896 614 ut
923 568 1183 624 feretrum,
1220 567 1351 632 quod
1377 585 1532 615 sacros
1560 568 1833 634 Martyrum
1865 570 1991 617 cine-

577 664 649 693 res
666 645 963 704 continebat,
982 647 1122 693 altius
1142 646 1313 694 elevari
1331 645 1554 703 deberet3
1575 646 1632 693 ad
1649 647 1740 695 hoc
1757 647 1992 705 videlicet,

579 733 633 768 ut
661 724 904 788 aliquanto
939 723 1229 771 eminentius
1255 734 1373 770 esset
1403 741 1548 787 quam
1571 724 1720 772 altare
1743 725 1818 771 cui
1851 742 1996 790 appo-

579 802 724 847 situm
747 811 865 857 erat,
904 812 952 848 et
991 801 1175 847 facilius
1207 801 1265 847 ab
1291 800 1623 849 accedentibus
1652 802 1782 849 cerni
1812 803 1999 867 potuis-

580 889 665 926 set.
694 879 840 944 quue
864 878 1005 926 nobis
1034 877 1345 936 facientibus,
1376 888 1424 926 et
1453 879 1579 927 inter
1602 879 1872 927 faciendum
1891 880 2000 926 lita-

580 957 681 1003 nias
713 974 822 1004 cum
860 957 945 1005 Dei
981 957 1117 1004 laude
1152 955 1432 1005 canentibus
1454 993 1468 1014 ,
1507 958 1662 1022 puella
1694 957 1914 1023 quaedam
1945 958 2002 1005 de

580 1035 758 1083 familia
783 1037 831 1082 S.
871 1036 1071 1083 Servatii
1087 1071 1100 1093 ,
1130 1053 1155 1081 a
1182 1037 1430 1083 nativitate
1451 1053 1532 1082 sua
1556 1035 1757 1100 pedibus
1789 1053 1846 1083 ex
1880 1053 2003 1085 con-

583 1115 818 1162 tractione
841 1113 1054 1160 distortis
1072 1149 1085 1171 ,
1113 1113 1336 1160 manibus
1367 1113 1509 1161 etiam
1535 1131 1591 1160 ex
1618 1131 1880 1161 nervorum
1907 1112 2005 1160 dis-

585 1193 800 1240 tensione
819 1191 1059 1239 dissolutis
1071 1226 1084 1248 ,
1108 1191 1302 1255 insuper
1318 1200 1366 1238 et
1384 1201 1516 1236 muta
1531 1226 1545 1247 ,
1571 1208 1715 1256 quam
1736 1190 1879 1255 paulo
1896 1201 2006 1238 ante

582 1271 633 1316 in
660 1269 901 1316 basilicam
930 1269 1002 1315 sui
1032 1267 1327 1324 detulerunt,
1362 1278 1409 1315 et
1433 1285 1592 1315 coram
1625 1268 1808 1316 feretro
1832 1285 2007 1332 posue-

585 1358 728 1407 runt,
753 1346 913 1394 subito
937 1346 1125 1393 sanitati
1149 1357 1219 1393 est
1242 1345 1450 1403 reddita;
1474 1346 1537 1393 ita
1558 1356 1614 1392 ut
1637 1346 1801 1394 eadem
1823 1345 1940 1393 hora
1960 1356 2009 1392 et

585 1425 745 1490 loqui,
775 1435 822 1471 et
854 1424 1102 1479 incedere,
1138 1433 1186 1470 et
1219 1423 1442 1471 manibus
1474 1424 1531 1471 ad
1555 1425 1717 1472 omnia
1753 1424 2007 1473 necessaria

585 1501 794 1565 perfecte
817 1502 888 1548 uti
914 1501 1144 1565 potuerit.

658 1820 737 1865 85.
775 1816 968 1864 Femina
1009 1816 1227 1880 quaedam
1264 1815 1320 1861 de
1361 1817 1462 1880 ipso
1499 1816 1606 1862 vico
1630 1816 1878 1879 Trajecto,
1906 1832 2015 1861 cum

595 1893 790 1941 haberet
829 1893 1047 1939 ancillam
1082 1910 1282 1949 caecam,
1324 1893 1525 1941 nomine
1562 1892 1898 1957 Adalgardam,
1935 1892 2016 1938 in-

596 1989 749 2036 gressa
771 1970 1011 2017 basilicam
1037 1970 1231 2017 tradidit
1258 1987 1360 2017 eam
1381 1970 1554 2018 sanctis
1573 1969 1869 2036 martyribus
1892 1970 2017 2017 Mar-

599 2049 773 2096 cellino
808 2058 856 2095 et
878 2049 1046 2106 Petro,
1076 2058 1130 2094 ut
1163 2066 1248 2113 per
1270 2065 1440 2095 eorum
1475 2048 1695 2112 suffragia
1719 2048 1874 2094 visum
1897 2047 2020 2094 reci-

600 2144 710 2190 pere
750 2137 1015 2173 mereretur
1037 2161 1050 2183 ,
1093 2125 1255 2191 ibique
1293 2125 1490 2172 dimisit.
1538 2125 1657 2186 Quae
1698 2143 1809 2173 cum
1839 2161 1853 2184 ,
1913 2135 2021 2189 post

601 2212 844 2266 peractum
883 2202 1197 2266 vespertinale
1251 2203 1459 2249 officium
1477 2239 1491 2261 ,
1534 2204 1581 2250 in
1630 2202 1791 2250 eadem
1830 2202 2021 2249 ecclesia

601 2278 907 2335 substitisset,
937 2278 1123 2337 subito,
1149 2280 1281 2327 velut
1299 2279 1358 2327 ab
1380 2281 1540 2345 aliquo
1561 2280 1789 2344 impulsa,
1817 2280 1865 2326 in
1892 2280 2024 2344 pavi-

601 2366 821 2404 mentum
844 2357 1038 2413 cecidit;
1060 2368 1201 2421 atque
1227 2357 1291 2403 ibi
1308 2358 1390 2404 diu
1411 2357 1646 2415 volutata,
1676 2358 1891 2416 tandem,
1913 2374 2022 2404 cum

605 2436 786 2500 ingenti
829 2435 1182 2482 circumstantis
1220 2435 1385 2499 populi
1421 2445 1616 2499 stupore
1651 2445 1792 2501 atque
1824 2434 2025 2481 admira-

607 2514 764 2569 tione,
787 2513 910 2560 clare
928 2513 1090 2560 videns
1113 2513 1337 2561 surrexit.
1362 2513 1580 2578 Contigit
1604 2513 1695 2561 hoc
1722 2512 1877 2560 idibus
1899 2512 2023 2577 Junii

604 2590 661 2637 ad
682 2608 953 2655 vesperum,
977 2591 1079 2656 ipso
1096 2591 1250 2638 noctis
1270 2591 1528 2656 incipiente
1544 2591 1841 2656 crepusculo.
1867 2592 2026 2639 Homo

606 2668 802 2733 quidam
820 2669 878 2716 de
901 2669 1145 2734 provincia
1172 2669 1464 2735 Burgundia,
1485 2687 1541 2717 ex
1564 2670 1809 2718 territorio
1830 2670 2026 2717 Genna-

607 2746 736 2792 vcnsi
752 2781 765 2803 ,
791 2746 988 2794 nomine
999 2745 1331 2810 Theotgarius,
1348 2764 1397 2794 ea
1416 2747 1629 2811 passione
1644 2745 1866 2794 laborans
1881 2761 2025 2810 quam
