2105 3348
588 277 664 314 242
894 270 1135 309 HISsORlA
1169 268 1584 315 'l‘RANsLA'l'lONffi,
1616 283 1694 306 E'rc.

589 365 815 416 natusque
855 367 1027 414 pavore
1054 366 1148 394 non
1175 348 1403 401 minimo,
1433 347 1583 392 erexit
1602 365 1648 392 se
1674 347 1918 410 paululum
1951 347 1998 392 in

587 449 732 495 genua
753 466 763 483 ‚
796 439 836 473 (ἰ
884 429 932 473 in
965 444 1157 473 omnem
1199 437 1377 489 partem
1427 425 1787 488 circumspicere
1822 425 1964 488 eoepit
1985 459 1998 480 ,

587 509 821 554 aestimans
861 505 1066 570 aliquem
1109 504 1165 550 de
1216 501 1503 567 pauperilms
1519 538 1530 556 ,
1575 502 1739 548 clausis
1797 501 2002 548 eeclesiae

581 584 734 648 januis
749 618 761 639 ,
786 583 833 628 in
855 579 1072 646 quolibet
1097 581 1272 643 angulo
1291 579 1547 625 delituisse.
1578 579 1792 643 Cumque
1815 577 2002 623 nullum

586 662 730 707 alium
758 677 903 724 quam
926 676 972 705 se
997 658 1151 705 solum
1179 659 1298 704 intra
1321 658 1520 722 parietes
1540 656 1745 702 basilicae
1770 674 1865 703 esse
1896 673 2005 702 eer-

586 748 744 794 neret‚
770 737 944 784 iterum
965 755 1011 783 se
1028 736 1083 781 ad
1104 737 1372 783 orationem
1396 734 1660 789 inclinavit,
1679 751 1731 779 ae
1750 733 2003 797 psalmum,

587 834 726 881 quern
763 816 896 879 prius
930 814 1260 869 inchoaverat,
1305 813 1560 877 r‹‘petivit;
1606 811 1718 869 sed,
1754 822 2008 876 antequam

588 911 738 940 unum
755 895 851 957 ejus
868 910 1057 940 versum
1074 892 1314 955 complere
1330 891 1578 955 potuisset,
1597 908 1728 954 capsa
1747 908 1856 955 quae
1874 888 2008 934 altari

591 973 808 1036 imposita
833 989 983 1018 sacras
1006 969 1130 1017 beati
1152 970 1417 1017 Marcellini
1447 968 1670 1033 reliquias
1694 966 1973 1016 continebat
1994 1002 2006 1022 ,

589 1049 844 1113 repentino
874 1048 1060 1111 crepitu
1087 1058 1177 1092 tam
1208 1046 1513 1093 vehementer
1539 1046 1780 1103 insonuit,
1806 1055 1859 1090 ut
1879 1044 2010 1108 quasi

592 1125 763 1172 malleo
779 1143 996 1189 pereussa
1011 1124 1266 1170 dissiluisse
1281 1133 1548 1187 putaretur.
1565 1123 1670 1170 Duo
1685 1139 1877 1186 quoque
1894 1121 2013 1167 ostia

591 1204 824 1260 basilicae,
847 1221 956 1268 quae
973 1205 1072 1267 jam
1099 1202 1249 1248 clausa
1277 1213 1414 1247 erant
1433 1237 1446 1257 ,
1473 1200 1764 1247 occidentale
1796 1199 2016 1246 x·idelieet

592 1293 733 1347 atque
751 1281 955 1326 australe
970 1315 982 1337 ‚
1006 1280 1132 1326 velut
1153 1280 1313 1344 aliquo
1331 1280 1545 1343 pulsante
1560 1289 1703 1342 atque
1721 1279 2013 1342 impellente,

592 1358 730 1405 simili
758 1357 902 1405 modo
929 1368 1214 1404 sonuerunt.

663 1594 743 1639 33.
773 1591 957 1652 Quibus
978 1593 1234 1638 exterritus
1259 1610 1310 1638 ae
1329 1592 1618 1655 stupefactus
1632 1628 1646 1651 ,
1669 1610 1778 1637 eum
1795 1591 1911 1656 quid
1931 1591 2018 1638 sibi

600 1670 836 1735 agendum
860 1681 978 1716 esset
1000 1670 1190 1733 penitus
1217 1670 1489 1734 ignoraret,
1524 1670 1675 1734 surgit
1704 1669 1762 1715 ab
1789 1670 1952 1726 altari,
1977 1682 2024 1717 et

604 1748 651 1792 in
677 1747 853 1792 lectum
880 1764 1018 1791 suum
1042 1764 1087 1792 se
1113 1747 1369 1809 pavitando
1391 1747 1616 1810 projecit3
1659 1745 1915 1811 subitoque
1943 1764 2024 1794 so-

603 1841 720 1888 pore
763 1823 1032 1888 depressus,
1083 1823 1202 1868 vidit
1247 1823 1334 1868 sibi
1378 1823 1633 1887 quemdam
1672 1825 1822 1889 ignoti
1868 1826 2027 1871 vultus

607 1903 761 1947 virum
798 1901 1034 1957 assistere,
1075 1902 1158 1966 qui
1186 1919 1232 1947 se
1276 1901 1445 1947 talibus
1484 1900 1642 1948 verbis
1677 1903 1985 1966 compellaret
2015 1925 2024 1950 :

609 2001 631 2023 «
659 1981 853 2025 Certum
881 1995 940 2024 ne
959 1989 1046 2035 est,
1069 1979 1152 2034 ait,
1171 1978 1474 2025 Einhardum
1499 1985 1563 2026 sic
1583 1979 1640 2026 ad
1663 1980 1889 2043 palatium
1911 1999 2030 2045 pro-

606 2073 771 2120 perare
793 2055 912 2102 velle
929 2091 941 2111 ,
970 2066 1021 2101 ut
1045 2055 1269 2120 reliquias
1305 2056 1454 2102 sancti
1480 2056 1771 2113 Marcellini,
1799 2075 1916 2121 quas
1939 2057 2031 2104 huc

607 2131 797 2187 detulit,
827 2132 959 2195 prius
986 2133 1032 2178 in
1059 2132 1222 2180 locum
1238 2169 1249 2188 ,
1269 2132 1327 2180 de
1347 2151 1445 2197 quo
1466 2133 1664 2181 sublatae
1685 2134 1901 2192 fuerant,
1930 2153 2030 2182 non

610 2207 835 2273 reponat?
849 2230 870 2253 »
884 2210 1081 2256 —Cum
1095 2210 1173 2257 ille
1191 2230 1238 2258 se
1253 2211 1389 2275 hujus
1402 2212 1468 2258 rei
1489 2212 1708 2275 ignarum
1722 2230 1817 2260 esse
1835 2231 2032 2278 respon-

610 2286 770 2343 disset,
792 2314 856 2321 ——
883 2307 905 2331 «
926 2288 1103 2352 Surge,
1139 2287 1298 2352 inquit
1316 2324 1328 2343 ‚
1352 2289 1512 2353 primo
1545 2290 1787 2348 diluculo,
1815 2292 1954 2355 eique
1978 2311 2035 2339 ex

611 2364 894 2410 auctoritate
907 2365 1179 2430 Martyrum
1196 2368 1419 2431 praecipe,
1438 2386 1495 2414 ne
1507 2367 1760 2416 hineabire
1773 2369 1845 2416 vel
1860 2370 2034 2417 alieubi

613 2458 806 2505 pergere
837 2454 1120 2505 praesumat,
1148 2454 1404 2509 antequam
1439 2445 1663 2510 reliquias
1686 2446 1785 2492 illas
1819 2447 1926 2494 loco
1951 2466 2037 2496 suo

613 2519 848 2565 restituat.
867 2539 889 2564 »
912 2519 1286 2585 Expergefactus
1303 2523 1532 2581 surrexit,
1547 2533 1592 2569 et
1618 2522 1698 2569 ubi
1726 2542 1800 2572 me
1824 2526 2038 2588 primum

617 2595 874 2642 convenire
908 2598 1095 2659 potuit,
1130 2597 1221 2645 hoc
1244 2599 1375 2664 quod
1405 2599 1495 2646 sibi
1536 2601 1691 2648 fuerat
1723 2602 2037 2665 imperatum,

617 2671 734 2719 mihi
762 2672 984 2720 intimare
1016 2676 1217 2722 curavit.
1246 2677 1334 2724 Sed
1363 2696 1515 2744 neque
1541 2697 1628 2744 ego
1655 2681 1862 2744 seguiter
1883 2682 1933 2728 in
1959 2681 2043 2728 hu-

611 2750 740 2810 jusce
775 2750 902 2796 modi
938 2753 1134 2815 negotio
1155 2753 1333 2817 aliquid
1365 2756 1599 2820 agendum
1625 2756 1913 2817 arbitratus,
1943 2759 2039 2808 imo
