<?xml version="1.0" encoding="UTF-8"?>
<!DOCTYPE html PUBLIC "-//W3C//DTD XHTML 1.0 Transitional//EN"
    "http://www.w3.org/TR/xhtml1/DTD/xhtml1-transitional.dtd">
<html xmlns="http://www.w3.org/1999/xhtml" xml:lang="en" lang="en">
 <head>
  <title>
</title>
<meta http-equiv="Content-Type" content="text/html;charset=utf-8" />
  <meta name='ocr-system' content='tesseract 3.04.00' />
  <meta name='ocr-capabilities' content='ocr_page ocr_carea ocr_par ocr_line ocrx_word'/>
</head>
<body>
  <div class='ocr_page' id='page_1' title='image "./einhardiomniaqua02einhuoft_0386.png"; bbox 0 0 2105 3348; ppageno 0'>
   <div class='ocr_carea' id='block_1_1' title="bbox 614 286 2031 816">
    <p class='ocr_par' dir='ltr' id='par_1_1' title="bbox 620 286 1727 335">
     <span class='ocr_line' id='line_1_1' title="bbox 620 286 1727 335; baseline -0.003 -4"><span class='ocrx_word' id='word_1_1' title='bbox 620 291 696 331; x_wconf 76' lang='lat'>348</span> <span class='ocrx_word' id='word_1_2' title='bbox 924 288 1169 327; x_wconf 85' lang='lat' dir='ltr'>HISTORIA</span> <span class='ocrx_word' id='word_1_3' title='bbox 1197 286 1618 335; x_wconf 83' lang='lat' dir='ltr'><strong>TRANSLATIONIS‚</strong></span> <span class='ocrx_word' id='word_1_4' title='bbox 1650 302 1727 328; x_wconf 73' lang='lat' dir='ltr'>mc.</span> 
     </span>
    </p>

    <p class='ocr_par' dir='ltr' id='par_1_2' title="bbox 614 365 2031 816">
     <span class='ocr_line' id='line_1_2' title="bbox 617 365 2028 431; baseline 0 -15"><span class='ocrx_word' id='word_1_5' title='bbox 617 369 758 416; x_wconf 85' lang='lat' dir='ltr'>simili</span> <span class='ocrx_word' id='word_1_6' title='bbox 791 367 1005 431; x_wconf 84' lang='lat' dir='ltr'>passione</span> <span class='ocrx_word' id='word_1_7' title='bbox 1042 369 1092 412; x_wconf 92' lang='lat' dir='ltr'>in</span> <span class='ocrx_word' id='word_1_8' title='bbox 1129 365 1345 413; x_wconf 88' lang='lat' dir='ltr'>inferiori</span> <span class='ocrx_word' id='word_1_9' title='bbox 1383 366 1599 429; x_wconf 87' lang='lat' dir='ltr'>corporis</span> <span class='ocrx_word' id='word_1_10' title='bbox 1629 367 1700 412; x_wconf 89' lang='lat' dir='ltr'>sui</span> <span class='ocrx_word' id='word_1_11' title='bbox 1734 378 1865 430; x_wconf 82' lang='lat' dir='ltr'>parte</span> <span class='ocrx_word' id='word_1_12' title='bbox 1898 369 2028 416; x_wconf 88' lang='lat' dir='ltr'>valde</span> 
     </span>
     <span class='ocr_line' id='line_1_3' title="bbox 616 441 2028 507; baseline 0 -16"><span class='ocrx_word' id='word_1_13' title='bbox 616 444 884 501; x_wconf 86' lang='lat' dir='ltr'>debilitata,</span> <span class='ocrx_word' id='word_1_14' title='bbox 907 442 1090 489; x_wconf 89' lang='lat' dir='ltr'>cunctis</span> <span class='ocrx_word' id='word_1_15' title='bbox 1111 443 1194 507; x_wconf 89' lang='lat' dir='ltr'>qui</span> <span class='ocrx_word' id='word_1_16' title='bbox 1218 442 1413 489; x_wconf 86' lang='lat' dir='ltr'>aderant</span> <span class='ocrx_word' id='word_1_17' title='bbox 1434 441 1732 500; x_wconf 85' lang='lat' dir='ltr'>videntibus,</span> <span class='ocrx_word' id='word_1_18' title='bbox 1756 460 1915 491; x_wconf 83' lang='lat' dir='ltr'>coram</span> <span class='ocrx_word' id='word_1_19' title='bbox 1934 446 2028 492; x_wconf 88' lang='lat' dir='ltr'>eis-</span> 
     </span>
     <span class='ocr_line' id='line_1_4' title="bbox 615 519 2031 584; baseline 0.001 -17"><span class='ocrx_word' id='word_1_20' title='bbox 615 522 722 568; x_wconf 89' lang='lat' dir='ltr'>dem</span> <span class='ocrx_word' id='word_1_21' title='bbox 741 521 1026 567; x_wconf 89' lang='lat' dir='ltr'>Sanetorum</span> <span class='ocrx_word' id='word_1_22' title='bbox 1043 519 1277 584; x_wconf 85' lang='lat' dir='ltr'>reliquiis,</span> <span class='ocrx_word' id='word_1_23' title='bbox 1297 519 1560 584; x_wconf 82' lang='lat' dir='ltr'><strong>perfectam</strong></span> <span class='ocrx_word' id='word_1_24' title='bbox 1578 519 1909 568; x_wconf 85' lang='lat' dir='ltr'>membrorum</span> <span class='ocrx_word' id='word_1_25' title='bbox 1927 540 2031 570; x_wconf 90' lang='lat' dir='ltr'>suo-</span> 
     </span>
     <span class='ocr_line' id='line_1_5' title="bbox 615 597 2031 665; baseline 0.003 -21"><span class='ocrx_word' id='word_1_26' title='bbox 615 616 725 644; x_wconf 90' lang='lat' dir='ltr'>rum</span> <span class='ocrx_word' id='word_1_27' title='bbox 760 598 1036 645; x_wconf 86' lang='lat' dir='ltr'>firmitatem</span> <span class='ocrx_word' id='word_1_28' title='bbox 1071 598 1288 662; x_wconf 83' lang='lat' dir='ltr'>recepit3</span> <span class='ocrx_word' id='word_1_29' title='bbox 1329 606 1469 663; x_wconf 80' lang='lat' dir='ltr'>alque</span> <span class='ocrx_word' id='word_1_30' title='bbox 1505 616 1529 644; x_wconf 85' lang='lat' dir='ltr'>a</span> <span class='ocrx_word' id='word_1_31' title='bbox 1566 597 1772 657; x_wconf 86' lang='lat' dir='ltr'>morbo,</span> <span class='ocrx_word' id='word_1_32' title='bbox 1810 617 1908 664; x_wconf 89' lang='lat' dir='ltr'>quo</span> <span class='ocrx_word' id='word_1_33' title='bbox 1948 619 2031 665; x_wconf 89' lang='lat' dir='ltr'>per</span> 
     </span>
     <span class='ocr_line' id='line_1_6' title="bbox 614 672 2029 735; baseline 0.003 -15"><span class='ocrx_word' id='word_1_34' title='bbox 614 674 775 721; x_wconf 89' lang='lat' dir='ltr'>decem</span> <span class='ocrx_word' id='word_1_35' title='bbox 810 691 961 722; x_wconf 90' lang='lat' dir='ltr'>annos</span> <span class='ocrx_word' id='word_1_36' title='bbox 1002 672 1236 721; x_wconf 83' lang='lat' dir='ltr'>laborasse</span> <span class='ocrx_word' id='word_1_37' title='bbox 1271 672 1539 734; x_wconf 85' lang='lat' dir='ltr'>ferebatur,</span> <span class='ocrx_word' id='word_1_38' title='bbox 1578 675 1678 723; x_wconf 91' lang='lat' dir='ltr'>Deo</span> <span class='ocrx_word' id='word_1_39' title='bbox 1718 675 1938 735; x_wconf 85' lang='lat' dir='ltr'>volente,</span> <span class='ocrx_word' id='word_1_40' title='bbox 1982 678 2029 724; x_wconf 86' lang='lat' dir='ltr'>in</span> 
     </span>
     <span class='ocr_line' id='line_1_7' title="bbox 614 750 1446 816; baseline 0 -19"><span class='ocrx_word' id='word_1_41' title='bbox 614 760 861 799; x_wconf 81' lang='lat' dir='ltr'>momento</span> <span class='ocrx_word' id='word_1_42' title='bbox 886 751 1115 816; x_wconf 81' lang='lat' dir='ltr'>temporis</span> <span class='ocrx_word' id='word_1_43' title='bbox 1140 750 1336 799; x_wconf 86' lang='lat' dir='ltr'>liberata</span> <span class='ocrx_word' id='word_1_44' title='bbox 1361 760 1446 799; x_wconf 83' lang='lat' dir='ltr'>est.</span> 
     </span>
    </p>
   </div>
   <div class='ocr_carea' id='block_1_2' title="bbox 616 984 2034 1977">
    <p class='ocr_par' dir='ltr' id='par_1_3' title="bbox 616 984 2034 1977">
     <span class='ocr_line' id='line_1_8' title="bbox 679 984 2030 1049; baseline 0.001 -17"><span class='ocrx_word' id='word_1_45' title='bbox 679 985 758 1032; x_wconf 86' lang='lat'>80.</span> <span class='ocrx_word' id='word_1_46' title='bbox 797 984 976 1031; x_wconf 90' lang='lat' dir='ltr'>Eadem</span> <span class='ocrx_word' id='word_1_47' title='bbox 996 984 1072 1032; x_wconf 90' lang='lat' dir='ltr'>die</span> <span class='ocrx_word' id='word_1_48' title='bbox 1097 984 1171 1031; x_wconf 88' lang='lat' dir='ltr'>vir</span> <span class='ocrx_word' id='word_1_49' title='bbox 1192 984 1386 1049; x_wconf 86' lang='lat' dir='ltr'>quidam</span> <span class='ocrx_word' id='word_1_50' title='bbox 1411 1002 1588 1043; x_wconf 85' lang='lat' dir='ltr'>caecus,</span> <span class='ocrx_word' id='word_1_51' title='bbox 1611 985 1808 1033; x_wconf 90' lang='lat' dir='ltr'>nomine</span> <span class='ocrx_word' id='word_1_52' title='bbox 1828 986 2030 1033; x_wconf 86' lang='lat' dir='ltr'>Germa-</span> 
     </span>
     <span class='ocr_line' id='line_1_9' title="bbox 616 1060 2031 1127; baseline 0.002 -20"><span class='ocrx_word' id='word_1_53' title='bbox 616 1079 714 1118; x_wconf 84' lang='lat' dir='ltr'>rus,</span> <span class='ocrx_word' id='word_1_54' title='bbox 737 1061 795 1108; x_wconf 90' lang='lat' dir='ltr'>de</span> <span class='ocrx_word' id='word_1_55' title='bbox 816 1061 926 1108; x_wconf 80' lang='lat' dir='ltr'>villa</span> <span class='ocrx_word' id='word_1_56' title='bbox 943 1060 1250 1119; x_wconf 86' lang='lat' dir='ltr'>Schaltheim‚</span> <span class='ocrx_word' id='word_1_57' title='bbox 1273 1064 1531 1127; x_wconf 78' lang='lat' dir='ltr'>quaejuxta</span> <span class='ocrx_word' id='word_1_58' title='bbox 1554 1063 1732 1110; x_wconf 89' lang='lat' dir='ltr'>ostium</span> <span class='ocrx_word' id='word_1_59' title='bbox 1750 1063 1926 1110; x_wconf 82' lang='lat' dir='ltr'>Scaldis</span> <span class='ocrx_word' id='word_1_60' title='bbox 1946 1063 2031 1110; x_wconf 87' lang='lat' dir='ltr'>flu-</span> 
     </span>
     <span class='ocr_line' id='line_1_10' title="bbox 616 1138 2032 1204; baseline 0.002 -20"><span class='ocrx_word' id='word_1_61' title='bbox 616 1138 759 1184; x_wconf 87' lang='lat' dir='ltr'>minis</span> <span class='ocrx_word' id='word_1_62' title='bbox 787 1139 836 1185; x_wconf 90' lang='lat' dir='ltr'>in</span> <span class='ocrx_word' id='word_1_63' title='bbox 863 1139 1100 1185; x_wconf 81' lang='lat' dir='ltr'>maritima</span> <span class='ocrx_word' id='word_1_64' title='bbox 1127 1139 1383 1188; x_wconf 87' lang='lat' dir='ltr'>Frisonum</span> <span class='ocrx_word' id='word_1_65' title='bbox 1412 1141 1608 1204; x_wconf 79' lang='lat' dir='ltr'>regione</span> <span class='ocrx_word' id='word_1_66' title='bbox 1631 1142 1782 1204; x_wconf 88' lang='lat' dir='ltr'>posita</span> <span class='ocrx_word' id='word_1_67' title='bbox 1803 1151 1900 1198; x_wconf 81' lang='lat' dir='ltr'>est3</span> <span class='ocrx_word' id='word_1_68' title='bbox 1925 1159 2032 1187; x_wconf 92' lang='lat' dir='ltr'>cum</span> 
     </span>
     <span class='ocr_line' id='line_1_11' title="bbox 617 1215 2032 1282; baseline 0.002 -20"><span class='ocrx_word' id='word_1_69' title='bbox 617 1215 682 1262; x_wconf 89' lang='lat' dir='ltr'>ibi</span> <span class='ocrx_word' id='word_1_70' title='bbox 698 1252 711 1273; x_wconf 93' lang='lat'><strong><em>,</em></strong></span> <span class='ocrx_word' id='word_1_71' title='bbox 739 1234 827 1281; x_wconf 91' lang='lat' dir='ltr'>pro</span> <span class='ocrx_word' id='word_1_72' title='bbox 852 1217 1114 1264; x_wconf 80' lang='lat' dir='ltr'>calamitate</span> <span class='ocrx_word' id='word_1_73' title='bbox 1134 1235 1277 1282; x_wconf 87' lang='lat' dir='ltr'>quam</span> <span class='ocrx_word' id='word_1_74' title='bbox 1305 1217 1592 1282; x_wconf 85' lang='lat' dir='ltr'>patiebatur,</span> <span class='ocrx_word' id='word_1_75' title='bbox 1621 1218 1815 1266; x_wconf 84' lang='lat' dir='ltr'>Domini</span> <span class='ocrx_word' id='word_1_76' title='bbox 1842 1220 2032 1266; x_wconf 88' lang='lat' dir='ltr'>miseri-</span> 
     </span>
     <span class='ocr_line' id='line_1_12' title="bbox 619 1293 2031 1360; baseline 0.002 -21"><span class='ocrx_word' id='word_1_77' title='bbox 619 1293 828 1340; x_wconf 85' lang='lat' dir='ltr'>cordiam</span> <span class='ocrx_word' id='word_1_78' title='bbox 858 1301 904 1341; x_wconf 86' lang='lat' dir='ltr'>et</span> <span class='ocrx_word' id='word_1_79' title='bbox 930 1293 1093 1341; x_wconf 89' lang='lat' dir='ltr'>beatos</span> <span class='ocrx_word' id='word_1_80' title='bbox 1118 1294 1355 1359; x_wconf 78' lang='lat' dir='ltr'>Martyres</span> <span class='ocrx_word' id='word_1_81' title='bbox 1388 1295 1676 1351; x_wconf 83' lang='lat' dir='ltr'>invocasset,</span> <span class='ocrx_word' id='word_1_82' title='bbox 1702 1295 1784 1342; x_wconf 91' lang='lat' dir='ltr'>diu</span> <span class='ocrx_word' id='word_1_83' title='bbox 1809 1306 2031 1360; x_wconf 80' lang='lat' dir='ltr'>negatum</span> 
     </span>
     <span class='ocr_line' id='line_1_13' title="bbox 618 1369 2034 1436; baseline 0.004 -20"><span class='ocrx_word' id='word_1_84' title='bbox 618 1369 780 1418; x_wconf 90' lang='lat' dir='ltr'>lumen</span> <span class='ocrx_word' id='word_1_85' title='bbox 805 1388 915 1417; x_wconf 93' lang='lat' dir='ltr'>cum</span> <span class='ocrx_word' id='word_1_86' title='bbox 939 1371 1105 1418; x_wconf 83' lang='lat' dir='ltr'>laetitia</span> <span class='ocrx_word' id='word_1_87' title='bbox 1123 1372 1334 1436; x_wconf 85' lang='lat' dir='ltr'>recipere</span> <span class='ocrx_word' id='word_1_88' title='bbox 1352 1373 1545 1420; x_wconf 87' lang='lat' dir='ltr'>meruit.</span> <span class='ocrx_word' id='word_1_89' title='bbox 1580 1373 1758 1434; x_wconf 86' lang='lat' dir='ltr'>Quarta</span> <span class='ocrx_word' id='word_1_90' title='bbox 1777 1383 1936 1421; x_wconf 88' lang='lat' dir='ltr'>autem</span> <span class='ocrx_word' id='word_1_91' title='bbox 1959 1374 2034 1422; x_wconf 91' lang='lat' dir='ltr'>die</span> 
     </span>
     <span class='ocr_line' id='line_1_14' title="bbox 617 1447 2030 1515; baseline 0.004 -23"><span class='ocrx_word' id='word_1_92' title='bbox 617 1458 872 1512; x_wconf 85' lang='lat' dir='ltr'>postquam</span> <span class='ocrx_word' id='word_1_93' title='bbox 890 1447 983 1495; x_wconf 87' lang='lat' dir='ltr'>hoc</span> <span class='ocrx_word' id='word_1_94' title='bbox 1000 1449 1189 1514; x_wconf 87' lang='lat' dir='ltr'>signum</span> <span class='ocrx_word' id='word_1_95' title='bbox 1204 1449 1414 1497; x_wconf 89' lang='lat' dir='ltr'>Domino</span> <span class='ocrx_word' id='word_1_96' title='bbox 1429 1449 1621 1497; x_wconf 86' lang='lat' dir='ltr'>volente</span> <span class='ocrx_word' id='word_1_97' title='bbox 1636 1451 1861 1515; x_wconf 82' lang='lat' dir='ltr'>contigit,</span> <span class='ocrx_word' id='word_1_98' title='bbox 1884 1450 1932 1497; x_wconf 87' lang='lat' dir='ltr'>id</span> <span class='ocrx_word' id='word_1_99' title='bbox 1944 1461 2030 1509; x_wconf 89' lang='lat' dir='ltr'>est,</span> 
     </span>
     <span class='ocr_line' id='line_1_15' title="bbox 616 1526 2034 1593; baseline 0.004 -22"><span class='ocrx_word' id='word_1_100' title='bbox 616 1526 771 1589; x_wconf 89' lang='lat' dir='ltr'>pridie</span> <span class='ocrx_word' id='word_1_101' title='bbox 800 1526 1020 1574; x_wconf 88' lang='lat' dir='ltr'>kalendas</span> <span class='ocrx_word' id='word_1_102' title='bbox 1053 1527 1290 1586; x_wconf 86' lang='lat' dir='ltr'>octobris,</span> <span class='ocrx_word' id='word_1_103' title='bbox 1330 1528 1547 1593; x_wconf 86' lang='lat' dir='ltr'>quaedam</span> <span class='ocrx_word' id='word_1_104' title='bbox 1584 1528 1752 1575; x_wconf 87' lang='lat' dir='ltr'>ancilla</span> <span class='ocrx_word' id='word_1_105' title='bbox 1789 1530 1838 1576; x_wconf 91' lang='lat' dir='ltr'>S.</span> <span class='ocrx_word' id='word_1_106' title='bbox 1880 1529 2034 1577; x_wconf 87' lang='lat' dir='ltr'>Bavo-</span> 
     </span>
     <span class='ocr_line' id='line_1_16' title="bbox 616 1602 2033 1670; baseline 0.004 -22"><span class='ocrx_word' id='word_1_107' title='bbox 616 1602 715 1659; x_wconf 90' lang='lat' dir='ltr'>nis,</span> <span class='ocrx_word' id='word_1_108' title='bbox 743 1602 976 1652; x_wconf 88' lang='lat' dir='ltr'>vocabulo</span> <span class='ocrx_word' id='word_1_109' title='bbox 1005 1603 1284 1663; x_wconf 82' lang='lat' dir='ltr'>Gundrada‚</span> <span class='ocrx_word' id='word_1_110' title='bbox 1314 1603 1371 1652; x_wconf 91' lang='lat' dir='ltr'>de</span> <span class='ocrx_word' id='word_1_111' title='bbox 1394 1605 1502 1651; x_wconf 87' lang='lat' dir='ltr'>villa</span> <span class='ocrx_word' id='word_1_112' title='bbox 1534 1603 1896 1670; x_wconf 82' lang='lat' dir='ltr'>Aldingaheim‚</span> <span class='ocrx_word' id='word_1_113' title='bbox 1926 1624 2033 1670; x_wconf 87' lang='lat' dir='ltr'>quae</span> 
     </span>
     <span class='ocr_line' id='line_1_17' title="bbox 619 1678 2032 1739; baseline 0.003 -14"><span class='ocrx_word' id='word_1_114' title='bbox 619 1678 772 1726; x_wconf 85' lang='lat' dir='ltr'>tribus</span> <span class='ocrx_word' id='word_1_115' title='bbox 806 1679 907 1727; x_wconf 84' lang='lat' dir='ltr'>fere</span> <span class='ocrx_word' id='word_1_116' title='bbox 942 1681 1078 1727; x_wconf 88' lang='lat' dir='ltr'>annis</span> <span class='ocrx_word' id='word_1_117' title='bbox 1110 1681 1257 1730; x_wconf 91' lang='lat' dir='ltr'>solem</span> <span class='ocrx_word' id='word_1_118' title='bbox 1291 1698 1389 1728; x_wconf 91' lang='lat' dir='ltr'>non</span> <span class='ocrx_word' id='word_1_119' title='bbox 1424 1681 1635 1739; x_wconf 87' lang='lat' dir='ltr'>viderat,</span> <span class='ocrx_word' id='word_1_120' title='bbox 1672 1681 1755 1728; x_wconf 85' lang='lat' dir='ltr'>ubi</span> <span class='ocrx_word' id='word_1_121' title='bbox 1791 1700 1838 1729; x_wconf 92' lang='lat' dir='ltr'>se</span> <span class='ocrx_word' id='word_1_122' title='bbox 1872 1699 2032 1731; x_wconf 88' lang='lat' dir='ltr'>coram</span> 
     </span>
     <span class='ocr_line' id='line_1_18' title="bbox 616 1756 2028 1824; baseline 0.004 -22"><span class='ocrx_word' id='word_1_123' title='bbox 616 1757 753 1803; x_wconf 85' lang='lat' dir='ltr'>altari</span> <span class='ocrx_word' id='word_1_124' title='bbox 779 1756 836 1804; x_wconf 93' lang='lat' dir='ltr'>ad</span> <span class='ocrx_word' id='word_1_125' title='bbox 861 1758 1098 1805; x_wconf 83' lang='lat' dir='ltr'>orandum</span> <span class='ocrx_word' id='word_1_126' title='bbox 1123 1760 1408 1823; x_wconf 81' lang='lat' dir='ltr'>prostravit,</span> <span class='ocrx_word' id='word_1_127' title='bbox 1444 1759 1605 1807; x_wconf 91' lang='lat' dir='ltr'>lumen</span> <span class='ocrx_word' id='word_1_128' title='bbox 1637 1761 1768 1824; x_wconf 88' lang='lat' dir='ltr'>quod</span> <span class='ocrx_word' id='word_1_129' title='bbox 1794 1761 2028 1818; x_wconf 81' lang='lat' dir='ltr'>amiserat,</span> 
     </span>
     <span class='ocr_line' id='line_1_19' title="bbox 616 1832 2031 1900; baseline 0.004 -21"><span class='ocrx_word' id='word_1_130' title='bbox 616 1832 807 1882; x_wconf 85' lang='lat' dir='ltr'>Christo</span> <span class='ocrx_word' id='word_1_131' title='bbox 838 1835 1048 1883; x_wconf 89' lang='lat' dir='ltr'>Domino</span> <span class='ocrx_word' id='word_1_132' title='bbox 1076 1854 1161 1900; x_wconf 88' lang='lat' dir='ltr'>per</span> <span class='ocrx_word' id='word_1_133' title='bbox 1191 1837 1359 1884; x_wconf 83' lang='lat' dir='ltr'>merita</span> <span class='ocrx_word' id='word_1_134' title='bbox 1392 1837 1677 1885; x_wconf 86' lang='lat' dir='ltr'>Sanctorum</span> <span class='ocrx_word' id='word_1_135' title='bbox 1709 1855 1903 1886; x_wconf 80' lang='lat' dir='ltr'>suorum</span> <span class='ocrx_word' id='word_1_136' title='bbox 1934 1839 2031 1885; x_wconf 81' lang='lat' dir='ltr'>lar-</span> 
     </span>
     <span class='ocr_line' id='line_1_20' title="bbox 616 1911 1022 1977; baseline 0.002 -19"><span class='ocrx_word' id='word_1_137' title='bbox 616 1911 802 1976; x_wconf 83' lang='lat' dir='ltr'>giente,</span> <span class='ocrx_word' id='word_1_138' title='bbox 828 1913 1022 1977; x_wconf 87' lang='lat' dir='ltr'>recepit.</span> 
     </span>
    </p>
   </div>
   <div class='ocr_carea' id='block_1_3' title="bbox 1184 2260 1452 2299">
    <p class='ocr_par' dir='ltr' id='par_1_4' title="bbox 1184 2260 1452 2299">
     <span class='ocr_line' id='line_1_21' title="bbox 1184 2260 1452 2299; baseline 0 -2"><span class='ocrx_word' id='word_1_139' title='bbox 1184 2260 1350 2298; x_wconf 88' lang='lat' dir='ltr'><strong>CAPUT</strong></span> <span class='ocrx_word' id='word_1_140' title='bbox 1381 2260 1452 2299; x_wconf 73' lang='lat' dir='ltr'>lx.</span> 
     </span>
    </p>
   </div>
   <div class='ocr_carea' id='block_1_4' title="bbox 616 2401 2028 2524">
    <p class='ocr_par' dir='ltr' id='par_1_5' title="bbox 616 2401 2028 2524">
     <span class='ocr_line' id='line_1_22' title="bbox 616 2401 2028 2455; baseline 0.004 -17"><span class='ocrx_word' id='word_1_141' title='bbox 616 2401 673 2439; x_wconf 81' lang='lat' dir='ltr'>Ad</span> <span class='ocrx_word' id='word_1_142' title='bbox 689 2402 867 2453; x_wconf 80' lang='lat' dir='ltr'>reliquias</span> <span class='ocrx_word' id='word_1_143' title='bbox 888 2402 1052 2453; x_wconf 79' lang='lat' dir='ltr'>Trajecti</span> <span class='ocrx_word' id='word_1_144' title='bbox 1071 2403 1258 2455; x_wconf 74' lang='lat' dir='ltr'>depositas</span> <span class='ocrx_word' id='word_1_145' title='bbox 1279 2405 1401 2442; x_wconf 84' lang='lat' dir='ltr'>sanati</span> <span class='ocrx_word' id='word_1_146' title='bbox 1421 2406 1530 2451; x_wconf 83' lang='lat' dir='ltr'>caeci,</span> <span class='ocrx_word' id='word_1_147' title='bbox 1554 2405 1676 2451; x_wconf 85' lang='lat' dir='ltr'>surdi,</span> <span class='ocrx_word' id='word_1_148' title='bbox 1698 2406 1808 2451; x_wconf 86' lang='lat' dir='ltr'>muti,</span> <span class='ocrx_word' id='word_1_149' title='bbox 1829 2406 2028 2452; x_wconf 78' lang='lat' dir='ltr'>contracti,</span> 
     </span>
     <span class='ocr_line' id='line_1_23' title="bbox 1208 2472 1422 2524; baseline 0.005 -16"><span class='ocrx_word' id='word_1_150' title='bbox 1208 2472 1422 2524; x_wconf 77' lang='lat' dir='ltr'>paralytici.</span> 
     </span>
    </p>
   </div>
   <div class='ocr_carea' id='block_1_5' title="bbox 616 2604 2027 2827">
    <p class='ocr_par' dir='ltr' id='par_1_6' title="bbox 616 2604 2027 2827">
     <span class='ocr_line' id='line_1_24' title="bbox 680 2604 2027 2671; baseline 0.001 -20"><span class='ocrx_word' id='word_1_151' title='bbox 680 2605 732 2651; x_wconf 73' lang='lat'>84</span> <span class='ocrx_word' id='word_1_152' title='bbox 749 2639 758 2649; x_wconf 91' lang='lat'>.</span> <span class='ocrx_word' id='word_1_153' title='bbox 789 2604 1008 2651; x_wconf 85' lang='lat' dir='ltr'>Tertium</span> <span class='ocrx_word' id='word_1_154' title='bbox 1028 2622 1222 2671; x_wconf 85' lang='lat' dir='ltr'>quoque</span> <span class='ocrx_word' id='word_1_155' title='bbox 1248 2605 1464 2653; x_wconf 88' lang='lat' dir='ltr'>libellum</span> <span class='ocrx_word' id='word_1_156' title='bbox 1487 2607 1765 2655; x_wconf 84' lang='lat' dir='ltr'>detulerunt</span> <span class='ocrx_word' id='word_1_157' title='bbox 1791 2607 1906 2654; x_wconf 85' lang='lat' dir='ltr'>mihi</span> <span class='ocrx_word' id='word_1_158' title='bbox 1932 2607 2027 2654; x_wconf 88' lang='lat' dir='ltr'>fra-</span> 
     </span>
     <span class='ocr_line' id='line_1_25' title="bbox 616 2680 2027 2750; baseline 0.003 -23"><span class='ocrx_word' id='word_1_159' title='bbox 616 2691 708 2728; x_wconf 88' lang='lat' dir='ltr'>tres</span> <span class='ocrx_word' id='word_1_160' title='bbox 739 2680 796 2728; x_wconf 91' lang='lat' dir='ltr'>de</span> <span class='ocrx_word' id='word_1_161' title='bbox 827 2683 1117 2730; x_wconf 83' lang='lat' dir='ltr'>monasterio</span> <span class='ocrx_word' id='word_1_162' title='bbox 1145 2684 1194 2730; x_wconf 88' lang='lat' dir='ltr'>S.</span> <span class='ocrx_word' id='word_1_163' title='bbox 1228 2684 1425 2731; x_wconf 56' lang='lat' dir='ltr'>Serv-atii</span> <span class='ocrx_word' id='word_1_164' title='bbox 1464 2685 1773 2742; x_wconf 84' lang='lat' dir='ltr'>confessoris,</span> <span class='ocrx_word' id='word_1_165' title='bbox 1804 2685 1934 2750; x_wconf 83' lang='lat' dir='ltr'>quod</span> <span class='ocrx_word' id='word_1_166' title='bbox 1961 2686 2027 2731; x_wconf 91' lang='lat' dir='ltr'>si-</span> 
     </span>
     <span class='ocr_line' id='line_1_26' title="bbox 616 2760 2026 2827; baseline 0.003 -23"><span class='ocrx_word' id='word_1_167' title='bbox 616 2768 715 2804; x_wconf 80' lang='lat' dir='ltr'>tum</span> <span class='ocrx_word' id='word_1_168' title='bbox 737 2770 805 2806; x_wconf 84' lang='lat' dir='ltr'>est</span> <span class='ocrx_word' id='word_1_169' title='bbox 831 2760 877 2806; x_wconf 88' lang='lat' dir='ltr'>in</span> <span class='ocrx_word' id='word_1_170' title='bbox 908 2760 1007 2823; x_wconf 83' lang='lat' dir='ltr'>ripa</span> <span class='ocrx_word' id='word_1_171' title='bbox 1038 2761 1184 2809; x_wconf 84' lang='lat' dir='ltr'>Mosae</span> <span class='ocrx_word' id='word_1_172' title='bbox 1212 2761 1445 2819; x_wconf 87' lang='lat' dir='ltr'>lluminis,</span> <span class='ocrx_word' id='word_1_173' title='bbox 1478 2764 1526 2808; x_wconf 91' lang='lat' dir='ltr'>in</span> <span class='ocrx_word' id='word_1_174' title='bbox 1557 2764 1659 2810; x_wconf 68' lang='lat' dir='ltr'>vico</span> <span class='ocrx_word' id='word_1_175' title='bbox 1685 2763 1767 2827; x_wconf 82' lang='lat' dir='ltr'>qui</span> <span class='ocrx_word' id='word_1_176' title='bbox 1795 2762 2026 2826; x_wconf 66' lang='lat' dir='ltr'>hodieque</span> 
     </span>
    </p>
   </div>
  </div>
 </body>
</html>
