2105 3348
594 275 672 314 284
886 268 1128 307 HISTORIA
1160 266 1581 314 TRANSLATIONIS,
1614 280 1694 305 Ere.

592 361 721 407 sunt,
745 349 800 395 ad
826 347 1252 410 interrogationem
1273 342 1541 409 presbyteri
1562 379 1574 399 ,
1591 344 1673 408 qui
1689 344 2004 390 exorcismum

595 444 734 490 super
761 440 1138 488 energumenum
1156 421 1332 487 legerat
1366 441 1376 467 ε
1404 419 1534 485 quod
1559 419 1649 467 hoc
1674 419 1819 467 modo
1843 423 2007 468 conti-

592 506 709 568 gisse
749 512 988 550 narratur.
1013 500 1252 547 Praedium
1277 511 1345 547 est
1370 500 1417 546 in
1454 516 1574 564 pago
1599 499 1880 564 Nithagowe
1905 502 1973 562 (α)
1993 535 2003 554 ,

593 581 828 630 vocabulo
873 582 1095 645 Hecgstat
1113 615 1126 636 ,
1173 579 1417 644 pertinens
1464 578 1520 624 ad
1570 578 1912 625 monasterium
1956 578 2003 623 S.

590 659 806 715 Nazarii,
845 657 902 704 de
938 674 1035 721 quo
1072 656 1226 720 puella
1259 654 1507 721 quaedam,
1548 671 1786 701 annorum
1821 654 2009 699 circiter

590 736 794 783 sedecim
812 771 826 794 ,
857 734 916 781 ab
940 735 1106 781 eodem
1129 733 1331 781 erratico
1355 732 1526 796 spiritu
1551 748 1756 795 possessa
1772 766 1783 787 ,
1810 731 1865 776 ad
1885 729 2011 775 basi-

590 814 729 860 licam
760 813 1030 878 Martyrum
1063 831 1086 858 a
1113 811 1391 876 parentibus
1421 810 1514 857 suis
1548 809 1746 855 adducta
1773 819 1857 855 est.
1892 808 2009 868 Quae

591 908 700 936 cum
725 900 834 937 ante
864 888 1078 935 tumbam
1105 907 1231 935 sacra
1259 905 1460 952 corpora
1496 887 1825 933 continentem
1851 886 2011 931 venis-

590 980 685 1025 set,
714 979 759 1015 et
777 966 1025 1031 presbyter
1043 985 1185 1030 super
1202 977 1341 1031 caput
1360 968 1457 1030 ejus
1477 966 1796 1012 exorcismum
1811 999 1822 1019 ,
1847 980 2011 1010 secun-

589 1046 705 1092 dum
738 1045 1159 1101 consuetudinem,
1197 1044 1497 1108 perlegissem
1534 1061 1586 1089 ac
1617 1042 1787 1089 deinde
1823 1041 2011 1088 daemo-

589 1141 727 1181 nem,
766 1123 971 1187 qualiter
1010 1133 1057 1168 et
1092 1123 1284 1187 quando
1320 1123 1371 1168 in
1403 1139 1504 1168 eam
1539 1121 1705 1167 fuisset
1747 1121 2008 1184 ingressus,

589 1201 862 1265 percontari
896 1201 1145 1264 coepisset,
1177 1217 1275 1246 non
1313 1198 1510 1244 barbara
1538 1199 1727 1263 lingua,
1759 1215 1902 1262 quam
1928 1213 2013 1243 so-

589 1279 682 1324 lam
703 1278 855 1342 puella
883 1288 1109 1332 noverat,
1137 1279 1215 1323 sed
1241 1293 1436 1323 romana
1461 1276 1705 1322 locutione
1729 1273 2013 1340 presbytero

588 1355 854 1420 respondit.
882 1356 1096 1419 Cumque
1126 1353 1377 1421 presbytei
1402 1354 1658 1401 miraletui
1689 1364 1830 1418 atque
1859 1354 2014 1400 intel-

588 1451 730 1498 100‘11
733 1445 804 1493 et
827 1433 952 1479 unde
972 1433 1038 1478 illi
1062 1433 1223 1479 latinae
1244 1433 1420 1497 linguae
1441 1433 1640 1488 notitia,
1665 1450 1770 1478 cum
1795 1442 2014 1496 paientes

590 1514 713 1577 ejus,
735 1511 816 1577 qui
842 1511 906 1557 ibi
934 1521 1189 1596 praesentes
1214 1510 1454 1567 astabant,
1482 1509 1809 1574 hujuscemodi
1835 1526 2015 1556 selmo-

589 1606 700 1636 nem
724 1589 914 1653 penitus
940 1605 1079 1653 ignoi
1082 1606 1132 1633 al
1137 1598 1242 1635 ent
1228 1586 1251 1622 ²
1269 1616 1332 1624 -
1354 1608 1376 1632 «
1395 1589 1484 1634 Pu
1487 1597 1642 1645 entes
1678 1588 1862 1652 inquit,
1885 1604 2015 1633 meos

590 1684 842 1731 nunquam
877 1665 1053 1713 vidisti.
1080 1686 1101 1709 n
1125 1667 1333 1711 ——Tum
1367 1663 1621 1729 presbyter
1655 1685 1664 1709 :
1706 1685 1729 1709 «
1760 1665 1833 1709 Tu
1871 1681 2011 1728 ergo,

591 1744 776 1809 inquit,
809 1744 936 1790 unde
962 1761 1034 1800 es,
1064 1744 1098 1789 si
1128 1743 1200 1788 isti
1229 1760 1329 1790 non
1357 1752 1468 1788 sunt
1493 1752 1711 1806 parentes
1741 1739 1845 1787 tui?
1869 1761 1892 1785 »

655 1825 733 1868 50.
763 1822 827 1868 Et
849 1821 1038 1868 daemon
1061 1839 1146 1885 per
1164 1820 1367 1885 puellam
1394 1841 1402 1866 :
1430 1841 1452 1865 «
1478 1820 1605 1884 Ego,
1630 1820 1718 1876 ait,
1747 1838 1851 1866 sum
1876 1819 2015 1866 satel-

590 1899 655 1945 les
686 1909 829 1964 atque
862 1898 1120 1962 discipulus
1154 1899 1366 1954 Satanae,
1405 1908 1452 1944 et
1485 1897 1642 1944 multo
1670 1900 1769 1961 jam
1801 1908 2015 1961 tempore

590 1978 713 2041 apud
739 1977 917 2024 inferos
933 1978 1119 2040 janitor
1138 1976 1207 2022 fui
1228 1996 1238 2036 3
1262 1976 1339 2023 sed
1361 1976 1505 2023 modo
1530 1994 1614 2040 per
1631 1993 1782 2023 annos
1802 1976 2012 2040 aliquot,

593 2074 704 2103 cum
722 2055 860 2102 sociis
885 2055 1000 2101 meis
1020 2054 1261 2111 undecim,
1284 2072 1487 2120 regnum
1504 2055 1801 2102 Francorum
1821 2055 2012 2101 vastavi.

594 2135 914 2181 Frumentum
938 2144 984 2180 et
999 2133 1165 2179 vinum
1184 2170 1197 2190 ,
1225 2145 1272 2179 et
1294 2150 1461 2181 omnes
1484 2132 1595 2179 alias
1617 2132 1801 2197 frugem
1826 2150 1934 2196 quae
1960 2131 2016 2178 ad

595 2228 734 2257 usum
759 2211 1012 2257 hominum
1036 2211 1094 2257 de
1128 2221 1250 2256 terra
1283 2221 1561 2265 nascuntur,
1590 2211 1724 2273 juxta
1749 2209 1879 2274 quod
1899 2210 2016 2273 jussi

595 2306 807 2343 eramus,
836 2287 1076 2335 enecando
1100 2287 1360 2334 delevimus
1375 2306 1387 2342 3
1415 2304 1583 2350 pecora
1610 2286 1790 2333 morbis
1816 2285 2017 2334 interfe-

595 2369 746 2413 cimus
763 2401 773 2419 ,
800 2365 926 2412 luem
952 2383 1004 2412 ac
1026 2365 1346 2429 pestilentiam
1373 2365 1420 2410 in
1448 2366 1572 2428 ipsos
1597 2365 1813 2412 homines
1839 2366 2016 2411 immis-

594 2445 773 2500 simus3
816 2460 981 2490 omnes
1016 2459 1209 2507 quoque
1241 2442 1543 2490 adversitates
1578 2453 1624 2490 ct
1657 2453 1827 2489 cuncta
1866 2443 2014 2498 mala,

595 2538 703 2585 quae
723 2522 821 2584 jam
841 2518 924 2565 diu
948 2537 1037 2583 pro
1064 2519 1243 2566 meritis
1267 2520 1360 2565 suis
1381 2520 1649 2583 patiuntur,
1675 2519 1814 2568 nobis
1836 2519 2018 2567 facien-

598 2597 724 2643 tibus
746 2607 887 2661 atque
907 2595 1234 2660 ingerentibus
1249 2632 1261 2652 ‚
1285 2597 1350 2643 eis
1374 2597 1665 2644 acciderunt.
1683 2618 1705 2641 »
1722 2597 1883 2643 -Hic
1909 2614 2017 2642 cum

644 2774 694 2819 (a)
718 2773 813 2808 Edit.
836 2773 1097 2818 Nt'lhagotme,
1117 2779 1153 2807 et
1173 2773 1222 2807 sic
1244 2772 1349 2807 infra.
