2105 3348
493 361 571 400 454

537 441 748 472 Francorum
783 443 816 467 et
852 434 1030 467 Saxonum
1064 444 1167 465 manu

537 482 779 530 progreditur,
804 485 887 526 2743
916 480 983 513 vita
1009 479 1167 520 decedit,

539 532 614 574 296.

1167 590 1221 634 L.

488 674 648 707 Labicana
670 674 723 707 via
745 672 796 716 (la
813 672 891 706 voie
906 671 1109 715 Labicane),
1122 670 1169 713 ΙΙ,

537 721 614 754 280.

491 768 642 800 Labores
662 765 824 803 laborati,
858 765 878 797 i.
908 777 938 797 e.
966 764 1083 809 fruges
1104 763 1173 797 col-

538 814 645 854 lectae,
664 825 787 857 penus,
810 812 863 852 11,
893 815 968 850 124.

492 861 741 893 [Λωςοωνω
754 885 762 899 ,
791 860 912 891 Boruae
933 857 1032 890 ducis
1049 869 1171 901 nepos,

538 906 610 939 dux
627 906 805 939 Dalmatiae
819 913 853 938 et
867 904 1042 937 Liburniae
1055 916 1070 936 a
1090 904 1174 936 Hlu-

538 952 673 986 dowico
692 952 927 993 constituitur,
950 951 989 991 Ι,
1011 952 1090 990 346.

495 1000 730 1039 Lamianus,
747 998 992 1044 Lugdunensis
1007 995 1177 1040 archiepi-

540 1057 687 1090 scopus,
714 1053 918 1079 testamento
942 1044 1065 1077 Karoli
1093 1043 1174 1076 sub—

540 1092 669 1132 scribit,
688 1091 722 1133 Ι,
755 1104 766 1124 1
780 1104 830 1125 12.

495 1141 529 1170 S.
544 1138 702 1170 Lamberti
727 1139 781 1170 vel
798 1142 828 1171 S.
851 1137 1014 1170 Lantberti
1038 1136 1073 1168 in
1096 1135 1175 1168 vico

541 1185 695 1218 Leodico
727 1184 995 1223 monasterium,
1029 1183 1066 1221 Ι,
1090 1182 1173 1223 1523

541 1231 594 1269 II,
615 1233 699 1272 266,
722 1231 809 1274 394;
828 1231 862 1263 S.
880 1229 1055 1262 Lamberti
1076 1228 1175 1261 fami-

541 1277 604 1316 lia,
623 1277 701 1310 352.

493 1323 739 1357 LANDOLPHUS
759 1322 903 1356 clericus
916 1349 925 1364 ,
944 1322 998 1364 II,
1020 1326 1095 1362 240.

495 1373 714 1414 Ζαηόνειινίνεΐ,
736 1369 783 1410 ΙΙ,
805 1374 882 1413 [ῐῐ9.

494 1417 742 1460 Langobar-dia,
763 1417 800 1456 Ι,
826 1417 901 1460 178,
925 1416 1000 1459 198,
1030 1417 1108 1448 260.

495 1462 740 1496 LANGOBARDI
775 1465 966 1496 Romanam
999 1460 1179 1494 ecclesiam

541 1508 822 1543 infestationibus
834 1517 973 1548 vexant,
992 1510 1019 1548 I,
1041 1510 1121 1548 1283
1142 1507 1179 1540 in

544 1567 602 1588 eos
632 1557 828 1602 Stephanus
853 1568 940 1601 papa
962 1555 1102 1600 Pippini
1121 1562 1179 1586 tu-

543 1610 659 1635 tamen
689 1604 867 1643 sollicitat,
908 1603 996 1643 128;
1029 1601 1129 1647 Pippi
1134 1612 1180 1633 no

543 1648 886 1692 Italiaminvadenti,
896 1648 938 1681 ad
955 1649 1065 1681 clusas
1077 1660 1180 1680 mon-

545 1694 646 1737 tium,
668 1697 805 1730 fortiter
822 1696 1000 1736 resistunt,
1021 1695 1098 1737 1303
1122 1706 1181 1727 su-

545 1751 724 1786 perantur,
734 1743 810 1775 ibid.
823 1757 836 1781 ;
850 1742 1040 1774 Adrianum
1057 1753 1183 1786 papam

545 1789 762 1834 opprimunt,
783 1790 861 1829 1583
878 1787 939 1821 sed
951 1801 969 1821 a
980 1788 1112 1820 Karolo
1127 1787 1182 1820 in-

547 1835 641 1877 vasi,
677 1836 850 1877 18,158‚
882 1835 1182 1887 possessionibus,

547 1893 631 1926 quas
661 1883 824 1915 Romanae
860 1881 1012 1914 ecclesiae
1049 1880 1185 1926 eripue-

545 1937 624 1961 rant
636 1927 901 1972 ,depelluntur,
931 1939 996 1961 22·
988 1953 997 1969 ,
1026 1936 1058 1960 et
1077 1927 1112 1960 in
1129 1926 1183 1959 di-

549 1977 681 2010 tionem
697 1975 912 2008 F1ancorum
931 1974 1090 2014 veniunt,
1108 1976 1184 2007 160.

546 2020 909 2066 -Langobardorum
919 2033 992 2061 rex,
1015 2020 1100 2053 Vid.
1119 2022 1184 2053 De-

550 2067 712 2109 siderius,
734 2068 940 2110 Haistulfus,
953 2068 1137 2113 Pippinus.

502 2115 747 2148 Lim-namus
772 2127 907 2156 comes,
941 2114 976 2147 in
1007 2113 1185 2146 Britannia

549 2161 850 2195 VVihomarchum
870 2160 999 2195 occidit
1012 2185 1020 2201 ‚
1048 2161 1083 2202 Ι,
1107 2161 1184 2205 376.

503 2207 756 2249 Lmrmmus,
777 2207 897 2240 Karoli
911 2207 954 2240 ad
967 2219 1086 2252 regem
1105 2208 1187 2240 Pcr-

551 2266 665 2287 sarum
682 2255 828 2299 legatuS,
840 2254 876 2287 in
887 2254 1012 2287 itinere
1026 2253 1185 2295 decedit,

552 2299 586 2340 I,
621 2301 698 2333 252.

507 2350 693 2378 Lateranum
705 2373 714 2386 ‚
739 2347 774 2387 I,
796 2350 874 2386 240.
892 2364 938 2372 -
956 2347 1186 2380 Lateranense

553 2392 820 2437 patriarchium,
842 2392 874 2433 I,
898 2393 976 2426 360.

504 2438 692 2471 Laudantem
726 2439 847 2482 (Laon
881 2450 924 2471 en
957 2437 1136 2483 Picardie)
1169 2452 1186 2471 a

553 2485 700 2519 Grifone
735 2481 946 2530 occupatum
963 2509 973 2526 ,
1005 2496 1023 2517 a
1058 2484 1186 2518 Kario-

551 2544 682 2565 manno
699 2540 733 2565 et
753 2531 903 2577 Pippino
922 2530 1121 2574 obsidetur,
1151 2531 1186 2572 Ι,

555 2579 634 2612 118.
647 2598 694 2604 -—-
709 2577 949 2611 Laudunensis
974 2589 1103 2623 pagus,
1130 2578 1163 2610 II
1176 2603 1185 2619 ,

554 2626 632 2666 334.

507 2679 539 2707 S.
561 2673 724 2705 Laurentii
754 2669 796 2703 ad
827 2669 1041 2705 Graticulam
1075 2671 1186 2704 eccle-

553 2719 620 2760 sia,
642 2719 678 2759 Ι,
701 2723 778 2758 240.

506 2766 736 2810 Lauresloeym,
765 2763 974 2802 Lauresham,
1005 2764 1186 2796 Lauresha—

555 2825 667 2852 mense,
686 2811 928 2844 Lam-eshumum
937 2811 1186 2844 monasterium

554 2859 610 2898 (le
623 2860 818 2892 nionastcre
830 2856 872 2890 de
888 2857 1033 2899 Lorseh,
1053 2856 1137 2890 dans
1155 2858 1185 2891 le

944 354 1107 393 INDEX
1139 352 1441 391 GENERALIS.

1231 435 1262 463 S.
1283 432 1403 464 Kiliani
1423 432 1522 476 juxta
1550 431 1702 464 Moenum
1733 441 1906 466 monaste-

1275 478 1366 556 }ium
1375 478 1425 523 (S.
1440 477 1570 518 Kilian,
1583 477 1908 525 (leWurtzbourg),

1304 550 1313 566 ,
1335 530 1410 565 224.

1278 682 1329 714 g1-
1337 669 1469 702 -duche
1485 669 1529 702 de
1543 670 1664 703 Hesse-
1670 668 1887 714 Darmstadt)
1902 690 1910 705 ‚

1279 717 1314 756 Ι,
1334 719 1410 757 Ι62;
1424 716 1453 749 ei
1474 716 1671 749 Einhardus
1690 715 1913 750 Michelstadt

1277 741 1416 804 villam,
1437 771 1613 796 annuente
1633 763 1766 804 Imma,
1790 775 1913 797 conce-

1278 809 1343 851 dit,
1360 810 1410 851 II,
1431 814 1509 850 414,
1532 811 1914 854 416,[217.-—Laures-

1279 856 1452 889 hamensis
1468 856 1584 897 abbas,
1603 855 1674 890 vid.
1696 856 1913 902 Adaluugus.

1233 904 1578 944 Liunsssummsns‚
1604 903 1652 943 ΙΙ,
1676 905 1752 942 4ι8.

1233 950 1353 982 Lechus
1367 949 1475 982 amnis
1501 949 1553 994 (le
1571 951 1708 995 Lech),
1740 949 1917 995 Bajoarios

1280 997 1322 1030 ab
1341 996 1540 1030 Alamannis
1557 995 1696 1038 dividit,
1713 997 1748 1037 Ι,
1765 997 1821 1036 36,
1836 1000 1916 1036 204.

1233 1046 1332 1088 Legia
1352 1043 1483 1076 flumen
1504 1043 1559 1086 (la
1573 1044 1642 1090 Lys
1656 1056 1699 1076 en
1716 1042 1916 1088 Belgique),

1282 1091 1335 1132 II,
1364 1091 1442 1130 342.

1234 1142 1336 1170 Lacus
1352 1137 1406 1180 (le
1425 1137 1527 1181 Lac),
1546 1136 1666 1170 Gallim
1683 1136 1920 1170 Narbonensis

1281 1184 1360 1217 villa
1376 1208 1384 1223 ,
1405 1183 1438 1223 Ι,
1462 1195 1515 1222 11,
1535 1191 1607 1216 not.
1630 1184 1710 1228 gall.

1235 1233 1343 1263 Lensis
1358 1229 1457 1270 villa,
1479 1230 1531 1270 ΙΙ,
1556 1234 1631 1269 124.

1236 1276 1503 1310 Lentzimanoth
1528 1277 1634 1321 (mois
1657 1275 1700 1309 da
1719 1277 1917 1322 printemps,

1283 1323 1409 1366 Mars),
1431 1323 1460 1363 Ι,
1482 1335 1540 1366 92,
1560 1324 1638 1362 415.

1238 1369 1312 1403 Lsso
1342 1370 1398 1402 III
1419 1382 1573 1402 summus
1590 1368 1748 1414 pontifex
1762 1395 1771 1409 ‚
1795 1368 1831 1409 Ι,
1855 1370 1918 1413 673

1284 1416 1451 1449 defuncto
1471 1415 1624 1449 Adriano
1638 1441 1647 1457 ‚
1678 1415 1921 1461 pontificatum

1284 1463 1429 1507 suscipit
1455 1471 1489 1496 et
1507 1475 1571 1508 per
1593 1462 1724 1507 legatos
1748 1461 1919 1495 Karolum

1285 1510 1459 1555 supplicat
1477 1514 1516 1543 ut
1533 1509 1682 1555 aliquem
1702 1509 1745 1542 de
1766 1509 1835 1541 suis
1855 1521 1920 1554 op-

1285 1556 1462 1590 timatibus
1490 1556 1629 1601 deleget
1654 1555 1699 1589 ad
1723 1555 1830 1588 fidem
1855 1556 1923 1588 Ro-

1285 1615 1421 1636 manam
1440 1602 1700 1648 recipiendam,
1726 1603 1809 1643 228,
1836 1602 1921 1642 230;
1954 1615 1955 1618 ’

1286 1650 1323 1682 in
1337 1649 1479 1683 insidias
1493 1662 1509 1682 a
1528 1650 1691 1683 Romanis
1705 1650 1802 1695 juxta
1816 1648 1923 1682 eccle-

1287 1697 1371 1729 siam
1386 1698 1424 1729 B.
1443 1696 1621 1729 Laurentii
1640 1695 1848 1741 dispositas'
1840 1695 1926 1727 mci-

1288 1742 1361 1783 dit‚
1384 1747 1471 1784 2403
1490 1742 1730 1776 omnimodis
1722 1742 1884 1787 injuriis
1874 1741 1925 1774 af-

1288 1789 1417 1830 fectus,
1440 1789 1549 1822 oculis
1569 1797 1602 1822 et
1618 1788 1737 1834 lingua
1755 1789 1926 1834 privatur,

1290 1837 1346 1876 86,
1367 1837 1424 1877 88,
1446 1841 1530 1877 240;
1557 1834 1600 1868 ad
1620 1836 1842 1881 Winigisum
1862 1834 1929 1867 du-

1289 1894 1363 1915 cem
1385 1882 1599 1928 Spolitinum
1626 1882 1807 1928 confugit,
1840 1886 1928 1922 240;

1290 1929 1332 1962 ad
1351 1929 1523 1963 Karolum
1540 1941 1676 1962 summo
1698 1942 1777 1962 cum
1793 1929 1929 1962 honore

1290 1975 1489 2017 deducitur,
1508 1980 1593 2019 24ος
1611 1975 1702 2021 apud
1712 1977 1928 2010 Nomentum

1290 2022 1492 2068 imperatori
1518 2024 1692 2064 occurrit,
1722 2031 1755 2056 et
1782 2024 1929 2056 Romam

1290 2078 1468 2102 revertens
1485 2081 1566 2103 eum
1586 2069 1740 2103 maximo
1760 2077 1928 2115 apparatu

1291 2115 1328 2148 in
1348 2117 1491 2149 ecclesia
1510 2117 1546 2150 S.
1568 2116 1660 2150 Petri
1685 2116 1830 2161 recipit,
1858 2118 1901 2160 76
1917 2143 1926 2158 ‚

1293 2165 1379 2203 246;
1402 2162 1446 2196 de
1471 2163 1618 2209 objectis
1639 2163 1704 2196 sibi
1724 2162 1927 2196 criminibus

1289 2209 1520 2253 jurejurando
1536 2222 1608 2242 sese
1625 2217 1764 2263 purgat,
1781 2210 1869 2252 248,
1861 2223 1868 2230 ·
1890 2209 1927 2242 in

1292 2256 1404 2289 Gallia
1421 2255 1592 2289 Karolum
1609 2256 1735 2297 visitat,
1755 2257 1839 2295 2583
1860 2256 1926 2288 hu-

1289 2302 1345 2346 jus
1365 2302 1658 2348 peregrinationis
1681 2314 1805 2342 causa,
1838 2304 1927 2355 ²⁶⁰5

1291 2348 1414 2381 Karoli
1445 2356 1650 2381 testamento
1674 2356 1709 2381 et
1730 2348 1927 2393 partitionis

1291 2394 1430 2439 imperii
1445 2394 1696 2434 instrumentis,
1711 2395 1774 2427 sibi
1786 2395 1829 2429 ab
1841 2394 1927 2428 Ein-

1291 2439 1402 2473 hardo
1413 2439 1548 2482 delatis,
1561 2441 1755 2483 subscribit,
1772 2443 1928 2482 2643Ar-

1292 2485 1429 2519 dulfum
1463 2486 1649 2520 diaconum
1688 2487 1731 2521 ad
1761 2487 1926 2531 Eardulf,

1293 2532 1671 2568 Nordanhumbrorum
1706 2547 1825 2580 regem
1838 2560 1848 2576 ,
1890 2535 1927 2568 in

1293 2579 1507 2613 Britanniam
1523 2580 1764 2615 ieducendum
1783 2594 1861 2616 cuin
1877 2582 1927 2616 le-

1296 2626 1381 2670 gatis
1415 2627 1633 2672 imperatoris
1670 2628 1774 2662 mittit
1788 2653 1799 2669 ‚
1836 2630 1926 2674 2763

1296 2680 1436 2717 petente
1445 2674 1653 2720 imperatore
1663 2700 1672 2716 ,
1685 2675 1871 2708 concilium
1883 2674 1929 2708 de

1294 2720 1516 2764 processione
1535 2722 1571 2755 S.
1585 2721 1734 2767 Spiritus
1751 2721 1845 2767 apud
1858 2723 1928 2755 Ro-

1294 2777 1386 2799 mam
1403 2767 1575 2809 celebrat,
1594 2769 1674 2810 282;
1694 2768 1849 2802 libellum
1867 2768 1928 2802 foe-

1294 2811 1406 2854 deris,
1426 2813 1517 2847 inter
1533 2814 1704 2848 Karolum
1722 2823 1755 2848 et
1774 2815 1929 2849 Michae-

1294 2859 1374 2900 lem,
1383 2860 1807 2907 Constantinopolitanum
1816 2862 1925 2907 impe-
