2105 3348
530 264 580 299 :16
955 255 1207 293 ElNHARDl
1240 253 1509 292 EPls'sOLAE.

532 357 630 387 non
654 339 827 392 defuit,
865 353 949 382 nec
974 335 1125 381 adhuc
1148 335 1338 399 quidem
1368 333 1523 389 deest,
1551 352 1657 398 quae
1683 353 1758 382 me
1789 346 1940 382 tacere

532 434 630 463 non
672 412 940 478 permittit;
980 412 1097 475 quin
1133 411 1291 475 potius
1324 410 1451 475 cogit
1488 421 1541 456 ut
1578 428 1661 458 vos
1696 411 1753 458 de
1789 422 1941 458 vestra

534 494 696 557 [salute
728 507 1056 539 commoneam
1081 500 1127 537 et
1156 491 1202 536 in
1236 489 1409 555 quibus
1438 489 1706 553 periculum
1737 501 1941 538 vestrum

533 586 692 616 cavere
715 567 919 614 debeatis
943 565 1153 614 breviter
1172 568 1375 631 aperiam
1388 603 1397 613 .
1423 567 1693 614 Pervenisse
1711 568 1769 613 ad
1787 568 1946 631 parvi-

534 645 639 691 tatis
663 661 778 690 meae
807 643 1028 690 notitiam
1060 643 1340 708 magnitudo
1367 644 1541 707 vestra]
1565 644 1639 706 (1)
1664 653 1942 708 cognoscat,

531 719 660 785 quod
685 719 878 785 quidam
902 719 1142 777 homines,
1169 738 1248 766 sua
1279 721 1438 784 potius
1466 737 1608 784 quam
1631 729 1783 767 vestra
1806 736 1946 766 com-

533 797 672 847 moda
692 808 959 863 quaerentes
974 833 988 856 ,
1009 798 1421 845 mansuetudinem
1441 808 1642 844 vestram
1662 797 1945 851 sollicitent,

533 875 763 941 vobisque
785 876 1064 941 persuadere
1089 886 1327 923 conentur
1351 886 1432 932 ut,
1459 877 1724 941 postposito
1748 886 1950 940 paterno

535 954 762 1011 consilio,
799 965 846 1001 et
879 953 1148 1001 obedientia
1178 956 1247 1017 (2)
1282 953 1438 1001 debita
1476 955 1721 1011 derelicta,
1758 954 1947 1010 locum,

537 1031 670 1078 vobis
708 1031 764 1078 ad
805 1030 1064 1096 regendum
1099 1043 1240 1096 atque
1278 1032 1641 1080 custodiendum
1681 1050 1702 1078 a
1739 1032 1953 1097 piissimo

536 1110 752 1174 genitore
779 1121 934 1158 vestro
961 1110 1289 1167 commissum,
1315 1111 1564 1157 dimittatis
1582 1146 1595 1166 ,
1629 1121 1676 1156 et
1702 1110 1758 1156 ad
1784 1109 1918 1156 illum
1937 1146 1950 1166 ,

539 1188 640 1251 ipso
659 1189 810 1235 invito
825 1224 837 1244 ‚
859 1199 904 1234 et
926 1206 1079 1253 neque
1101 1188 1287 1236 volente
1310 1206 1465 1253 neque
1478 1188 1704 1253 jubente,
1728 1188 1952 1245 veniatis,

538 1276 584 1312 et
613 1265 737 1329 apud
760 1283 895 1323 eum,
923 1267 1138 1331 quamvis
1164 1266 1232 1312 illi
1259 1283 1357 1314 non
1385 1266 1566 1330 placeat
1583 1302 1596 1323 ,
1622 1266 1953 1330 permaneatis.

541 1342 648 1401 Quo
669 1341 785 1406 quid
804 1344 1066 1406 perversius
1089 1344 1161 1390 vel
1180 1343 1475 1391 indecentius
1490 1344 1565 1408 (3)
1586 1343 1842 1406 excogitari
1864 1359 1958 1406 po-

540 1420 662 1467 test!
702 1420 868 1468 Videte
891 1421 1042 1488 qualis
1075 1422 1162 1478 sit,
1198 1432 1244 1468 et
1275 1432 1510 1486 quantum
1539 1421 1650 1467 mali
1679 1419 1848 1467 habeat
1874 1420 1958 1466 ista

539 1499 796 1561 persuasio.
819 1500 871 1544 ln
890 1499 1055 1562 primis
1079 1499 1310 1563 siquidem
1326 1534 1339 1554 ‚
1364 1510 1417 1544 ut
1432 1516 1549 1545 meae
1568 1497 1817 1562 pusillitati
1837 1496 1961 1544 vide-

541 1586 643 1632 tur,
674 1575 894 1623 hortatur
917 1594 1000 1623 vos
1023 1586 1077 1622 ut
1096 1576 1178 1623 Dei
1205 1586 1524 1640 praeceptum,
1560 1592 1657 1640 quo
1687 1573 1962 1638 parentibus

541 1651 699 1698 honor
719 1652 931 1699 exhiberi
951 1651 1176 1717 jubetur,
1201 1654 1330 1717 parvi
1351 1651 1567 1717 pendatis
1583 1687 1595 1708 ‚
1617 1662 1663 1699 et
1689 1651 1962 1716 longaevita-

543 1740 662 1786 tem,
689 1748 798 1795 quae
816 1748 904 1795 pro
925 1731 1308 1778 remuneratione
1329 1730 1593 1778 conservati
1620 1729 1828 1776 mandati
1853 1747 1962 1794 pro-

545 1807 781 1864 mittitur,
805 1826 892 1872 pro
918 1807 1071 1856 nihilo
1092 1807 1298 1856 habeatis
1323 1830 1333 1855 ε
1356 1809 1527 1856 deinde
1550 1819 1631 1865 ut,
1656 1807 1835 1872 abjecta
1855 1806 1965 1855 obe-

544 1883 744 1942 dientia,
785 1885 1157 1932 inobedientiam
1183 1904 1272 1950 pro
1307 1886 1383 1932 illa
1407 1886 1677 1943 assumatis,
1720 1897 1767 1933 et
1798 1895 1964 1933 contra

546 1977 672 2018 cum,
693 1960 779 2006 sub
798 1978 896 2027 quo
913 1961 1259 2026 subjectionem
1276 1962 1525 2010 humiliter
1541 1980 1624 2010 vos
1643 1979 1778 2027 agere
1797 1960 1969 2009 debue-

548 2039 684 2095 ratis,
705 2057 789 2102 per
807 2039 1059 2087 elationem
1082 2042 1430 2088 contumaciter
1453 2042 1641 2106 erigatis
1663 2061 1673 2086 :
1698 2051 1802 2086 tum
1820 2050 1872 2086 ut
1891 2041 1965 2103 (4)

596 2224 646 2268 (ι)
672 2223 781 2258 Hunc
802 2223 922 2258 locum
935 2252 943 2267 ,
963 2225 1027 2271 qui
1047 2225 1084 2258 in
1101 2224 1209 2259 editis
1227 2224 1469 2266 desideratur,
1491 2225 1588 2258 inter
1607 2235 1720 2258 uncos
1741 2223 1969 2258 restituimus

551 2295 594 2318 ex
610 2282 723 2317 altero
743 2282 905 2329 ejusdem
919 2283 1078 2330 epistolae
1096 2285 1292 2331 exemplari
1311 2282 1412 2332 quod
1426 2284 1463 2319 in
1484 2290 1610 2318 nostro
1629 2282 1767 2326 codice,
1789 2282 1817 2317 s⁰
1835 2282 1888 2326 18,
1909 2294 1969 2316 re—

553 2342 683 2388 perias.
709 2341 819 2385 Quod
844 2341 993 2389 quidem
1017 2342 1145 2377 folium
1171 2342 1319 2378 alterius
1340 2354 1422 2390 pars
1438 2342 1510 2377 fuit
1533 2341 1688 2385 codicis,
1717 2348 1843 2376 nostro
1868 2340 1970 2375 haud

553 2400 767 2434 recentioris
785 2399 923 2443 forsan,
947 2400 1009 2436 sed
1029 2402 1193 2449 profecto
1211 2401 1320 2449 longe
1338 2400 1612 2443 emendatioris,
1632 2407 1675 2435 ut
1695 2399 1820 2435 saltem
1837 2399 1970 2446 conjici

554 2465 672 2505 potest
687 2471 730 2493 ex
744 2458 814 2493 hoc
828 2459 936 2494 unico
950 2459 1036 2495 solio
1054 2461 1154 2508 quod
1171 2461 1322 2496 alteram
1341 2459 1519 2495 Einhardi
1540 2459 1586 2494 ad
1604 2459 1821 2494 Lotharium
1837 2459 1970 2506 episto*

554 2518 646 2561 lain,
676 2517 768 2552 infra
789 2518 855 2552 sub
873 2531 1028 2554 numero
1049 2532 1164 2555 Lxxwi
1183 2522 1344 2567 primum
1366 2531 1548 2562 recusam,
1570 2526 1606 2554 et
1625 2519 1777 2566 hujusce
1800 2519 1968 2562 initium,

556 2590 670 2626 usqne
687 2577 731 2612 ad
750 2590 852 2613 voces
872 2592 981 2625 quam
998 2587 1123 2615 vestra
1143 2580 1342 2622 commoda,
1364 2587 1505 2615 tantum
1526 2580 1701 2615 continet.

601 2640 650 2683 (2)
675 2638 766 2672 (lod.
785 2638 1017 2673 aboedicmia
1036 2647 1069 2674 ct
1089 2641 1137 2675 sic
1158 2641 1264 2675 infra.

602 2695 653 2741 (3)
676 2697 768 2732 (jod.
791 2697 1031 2733 a'ndccnnmn.

605 2758 651 2798 (22)
677 2756 766 2790 (Iod.
786 2759 838 2791 tit.
