2105 3348
561 286 600 321 14
980 282 1231 320 EINHARDI
1264 282 1534 320 EPISTOLAE.

753 423 862 460 x'lll.
897 423 961 459 AD
992 422 1268 460 OTGARIUM
1302 422 1768 462 ARCHIEPISCOPUM.

620 529 830 576 Domino
867 537 1031 574 sancto
1068 539 1114 575 et
1154 529 1327 575 merito
1360 529 1616 577 venerabili
1648 530 1964 596 Otgario(1),

555 605 940 654 reverentissimo
959 606 1030 669 (2)
1047 606 1287 670 episcopo.
1301 607 1629 673 —Presbyter
1644 608 1854 673 quidam,
1875 626 1969 656 no-

555 686 685 731 mine
711 682 1037 739 Hruodradus,
1062 684 1195 730 venit
1224 684 1281 730 ad
1303 701 1378 731 me
1405 684 1566 732 dicens
1589 703 1636 732 se
1659 703 1754 732 esse
1776 684 1833 732 de
1858 685 1971 733 fisco

555 771 714 807 vestro
752 760 1027 817 Manniaco,
1065 770 1112 807 et
1148 761 1378 824 accepisse
1413 761 1654 809 licentiam
1687 780 1711 808 a
1748 760 1972 826 chorepi-

554 856 701 903 scopo
743 839 813 902 (3)
848 848 1007 886 vestro
1045 848 1091 885 et
1133 839 1315 885 caeteris
1354 838 1584 886 fratribus
1619 841 1824 888 Romam
1860 856 1974 903 per-

553 916 695 983 gendi
712 953 726 976 ,
755 927 803 964 et
827 915 918 963 hoc
946 916 996 962 in
1019 933 1181 963 mense
1203 917 1401 974 martio;
1431 917 1510 964 sed
1532 927 1665 982 post,
1696 934 1807 964 cum
1825 917 1977 964 venis-

553 1006 626 1043 set
646 995 705 1041 ad
729 994 1086 1059 Mogontiacum
1102 1029 1116 1051 ,
1148 1010 1249 1041 non
1274 994 1485 1058 potuisse
1518 994 1733 1042 invenire
1756 993 1974 1042 homines

556 1089 666 1118 cum
699 1069 874 1137 quibus
899 1070 1016 1117 illud
1049 1071 1139 1118 iter
1168 1088 1391 1135 peragere
1419 1070 1647 1135 potuisset
1669 1090 1679 1116 ε
1701 1088 1754 1117 ac
1776 1080 1976 1135 propter

557 1149 648 1197 hoc
670 1149 865 1196 divertit
893 1148 949 1195 ad
974 1148 1227 1214 quemdam
1255 1166 1507 1214 pagensem
1538 1159 1759 1196 nostrum
1778 1185 1791 1207 ,
1823 1148 1906 1214 qui
1932 1149 1975 1196 ei

554 1227 776 1292 cognitus
795 1227 976 1283 fuerat,
1004 1227 1201 1273 nomine
1227 1224 1559 1283 Hildebertus,
1584 1236 1631 1274 et
1653 1226 1828 1273 mansit
1853 1225 1978 1290 apud

555 1322 664 1351 eum
697 1303 849 1350 donec
885 1302 1122 1349 inveniret
1154 1301 1373 1350 homines
1398 1303 1597 1350 Romam
1627 1313 1819 1360 euntes;
1857 1319 1977 1367 quos

555 1399 603 1428 se
630 1398 760 1427 nunc
781 1381 1001 1427 inventos
1025 1378 1198 1427 habere
1221 1378 1337 1426 dicit
1352 1415 1366 1438 ,
1396 1390 1443 1428 et
1466 1380 1653 1446 rogavit
1678 1398 1753 1428 me
1777 1390 1830 1426 ut
1852 1379 1978 1444 apud

556 1477 639 1506 vos
686 1460 992 1524 impetrarem
1036 1459 1077 1505 ei
1123 1458 1368 1505 licentiam
1408 1459 1526 1506 illud
1571 1460 1661 1506 iter
1703 1457 1975 1524 peragendi.

557 1538 674 1587 Vult
697 1539 854 1595 enim,
882 1537 1004 1583 sicut
1029 1537 1127 1601 ipse
1149 1537 1339 1596 asserit,
1368 1536 1486 1583 illud
1516 1537 1625 1594 iter,
1653 1554 1799 1602 quam
1827 1536 1981 1583 celer-

557 1616 678 1663 rime
709 1615 950 1680 potuerit,
978 1632 1227 1680 peragere,
1257 1624 1304 1661 et
1332 1614 1390 1661 ad
1421 1615 1582 1661 locum
1614 1632 1753 1661 suum
1781 1614 1976 1662 reverti.

556 1694 762 1757 Propter
794 1692 884 1739 hoc
914 1709 1086 1756 precor
1114 1692 1414 1739 sanctitatem
1439 1701 1644 1739 vestram
1667 1701 1723 1737 ut
1757 1691 1824 1749 ei,
1859 1690 1982 1736 sicut

560 1772 657 1835 ipse
683 1781 846 1836 rogat,
875 1771 1120 1817 licentiam
1144 1769 1323 1818 donare
1341 1770 1625 1836 dignemini,
1647 1780 1695 1818 et
1716 1780 1770 1815 ut
1789 1769 1858 1816 illi
1878 1786 1980 1816 non

558 1859 727 1897 noceat
745 1849 874 1915 qnod
895 1849 1076 1895 tamdiu
1095 1850 1222 1897 inter
1240 1851 1336 1896 vias
1356 1860 1569 1897 moratus
1589 1860 1658 1896 est
1671 1885 1684 1907 ,
1709 1849 1838 1914 quia,
1862 1847 1983 1894 mul-

560 1928 618 1974 tis
661 1927 1016 1992 impedimentis
1063 1926 1417 1984 accidentibus,
1470 1928 1648 1973 invitus
1689 1925 1805 1973 fecit
1850 1923 1982 1990 quod

559 2005 810 2053 emendare
837 2022 937 2052 non
960 2004 1138 2069 potuit.
1165 2005 1397 2069 Optamus
1424 2004 1722 2050 sanctitatem
1748 2012 1978 2057 vestram,

559 2095 738 2131 nostrae
778 2081 1117 2129 imbecillitatis
1151 2099 1446 2141 memorem,
1484 2097 1671 2145 semper
1708 2080 1758 2126 in
1790 2078 1982 2125 Christo

559 2161 681 2209 hene
707 2161 887 2217 valere,
921 2160 1212 2207 sanctissime
1238 2177 1290 2206 ac
1318 2159 1698 2207 reverentissime
1727 2169 1878 2223 pater.

607 2367 657 2411 (ι)
682 2365 753 2400 Hie
770 2362 884 2398 codex
903 2368 1047 2397 tantum
1068 2361 1179 2396 habet
1196 2360 1240 2395 R.
1255 2360 1304 2396 G.
1322 2360 1369 2394 R.
1387 2359 1435 2396 O.
1454 2360 1518 2395 Hae
1536 2359 1667 2395 litterae
1684 2359 1807 2406 potius
1822 2357 1982 2405 Rogerio

560 2425 614 2460 vel
641 2424 821 2470 Rotgario
846 2433 957 2470 quam
989 2420 1142 2468 otgario
1172 2419 1375 2463 efficerent,
1408 2419 1437 2454 si
1466 2419 1549 2466 quis
1575 2418 1686 2464 hujus
1713 2416 1873 2452 nominis
1904 2416 1982 2462 epi-

559 2496 690 2532 scopus
711 2482 900 2518 Einhardo
925 2488 1127 2516 coaetaneus
1146 2480 1353 2515 exstitisset.
1376 2478 1475 2516 Vide
1497 2484 1625 2513 contra
1649 2483 1775 2513 notam
1799 2475 1978 2524 gallicam.

606 2546 656 2591 (2)
680 2544 752 2579 H'ic
775 2541 856 2578 cod.
879 2554 988 2577 reven
1006 2554 1088 2585 ren,
1114 2538 1306 2575 manifesta
1331 2538 1565 2586 exscriptoris
1587 2538 1766 2573 oscitatio.
1793 2537 1857 2572 Hae
1874 2547 1980 2570 men-

558 2606 630 2649 dae,
660 2615 750 2651 quas
778 2603 817 2637 in
844 2608 970 2636 nostro
995 2599 1118 2635 codice
1148 2611 1396 2647 saepenumero
1421 2599 1583 2646 reperire
1611 2604 1684 2641 est,
1709 2595 1980 2632 accuratissime

561 2662 725 2700 notandae
739 2668 836 2697 sunt.

606 2722 656 2769 (5)
681 2721 775 2757 Cod.
794 2723 1036 2766 corepiscopo.
