1979 3348
498 195 755 234 APPENDIX
786 195 998 235 ALTERA.
1377 200 1447 235 171

47 274 237 318 molestia
273 286 458 319 vestrum
492 279 678 336 reperire
716 287 817 320 tunc
852 293 1013 320 merear
1039 277 1255 329 animum,
1291 287 1337 319 ut
1365 294 1451 320 non

46 364 164 397 vacet
187 354 425 414 modo,pro
450 355 572 398 solita
596 355 859 414 dignatione,
874 371 1153 414 quaecumque
1177 354 1373 398 amicalia
1390 357 1453 398 vi-

45 431 261 476 debuntur
290 449 457 477 mecum
491 449 735 482 conserere,
768 449 916 475 verum
938 434 1066 476 etiam
1090 433 1163 475 ubi
1190 432 1257 476 vel
1280 448 1424 476 meum
1440 467 1450 485 ,

45 508 112 551 vel
129 508 311 552 aliorum
329 526 396 553 me
413 508 580 562 deficit,
600 520 784 553 vestrum
802 509 912 552 adsit
935 510 1179 553 consultum
1203 512 1426 570 ingenium
1442 530 1452 564 ς

43 587 112 628 cui
145 598 354 645 quantum
391 603 636 645 assurgam,
671 597 965 646 quantumque
1000 587 1217 640 deferam,
1245 597 1455 647 quantum

42 663 228 723 denique
257 681 307 708 eo
336 681 402 707 me
437 665 502 708 vel
530 664 727 723 adjutum
757 664 824 707 vel
858 664 1152 723 adjuvandum
1179 664 1376 717 credam,
1410 674 1458 707 ut

43 741 300 784 adulationis
322 758 511 785 morsum
537 741 739 801 effugiam
759 776 768 793 ,
800 741 902 785 nolo
938 741 1122 802 amplius
1145 741 1315 796 dicere3
1342 743 1460 785 Deus

43 818 197 862 viderit
212 853 222 872 ,
270 820 393 878 cujus
435 819 620 880 idipsum
657 820 794 879 gratia
842 820 1107 879 procuravit.
1151 819 1330 862 Interim
1367 819 1458 862 haec.

41 912 136 955 quae
152 896 344 955 subjeci,
370 908 568 956 paterna,
594 914 679 957 qua
699 913 766 940 me
790 913 956 957 semper
976 896 1130 941 fovetis
1145 931 1155 950 ,
1180 897 1335 956 pietate
1358 912 1461 939 con-

42 973 228 1017 siderare
244 974 501 1033 dignemini,
521 985 568 1017 ut
584 991 632 1017 ea
649 975 827 1033 praevisa
839 975 947 1017 mihi
960 973 1132 1017 facilius
1144 973 1394 1033 expediatis.
1410 972 1459 1015 In

42 1053 178 1110 priori
224 1051 336 1096 libro
377 1053 667 1097 Arithmeticae
705 1055 901 1106 Boetius,
944 1063 1098 1112 quarto
1136 1051 1326 1112 capitulo
1346 1085 1357 1104 ,
1400 1052 1460 1093 sic

42 1131 165 1189 ponit
189 1148 198 1173 ε
226 1149 245 1171 «
268 1130 403 1189 Quod
420 1141 563 1174 autem
588 1131 753 1175 dictum
773 1142 836 1175 est
858 1131 1096 1175 secundum
1120 1131 1309 1174 duorum
1333 1144 1462 1187 gene-

44 1224 140 1251 rum
157 1210 392 1252 contrarias
410 1210 626 1268 passiones
644 1209 898 1267 hujusmodi
915 1220 1022 1253 est.»
1038 1210 1107 1252 Ab
1132 1226 1182 1252 eo
1206 1209 1304 1252 loco
1326 1223 1463 1266 usque

42 1289 97 1332 ad
120 1290 210 1334 haec
229 1291 374 1343 verba,
396 1307 491 1350 quae
508 1293 655 1351 paucis
682 1291 916 1350 interjectis
935 1292 1253 1350 subjiciuntur:
1279 1290 1462 1350 «Spatio

43 1377 105 1410 est
136 1368 322 1410 maxima
343 1401 354 1421 ,
393 1369 646 1427 parvissima
684 1370 923 1428 quantitate
949 1388 969 1411 »
988 1404 999 1421 ,
1039 1370 1182 1412 minus
1203 1369 1311 1412 mihi
1335 1384 1465 1428 quam

44 1444 171 1487 velim
196 1444 360 1488 clarum
386 1456 463 1488 est.
477 1446 528 1488 In
551 1445 703 1489 eodem
726 1445 857 1499 libro,
881 1463 982 1489 xxx1
1004 1445 1211 1505 capitulo,
1231 1456 1362 1504 negat
1378 1460 1466 1488 esse

47 1539 67 1561 «
90 1520 262 1564 difficile
287 1521 605 1580 diligentibus.»
631 1533 784 1582 praeter
803 1539 910 1583 quas
930 1524 1017 1583 ipse
1036 1523 1288 1582 expresserit
1307 1531 1464 1581 partes,

44 1598 302 1659 multiplices
344 1601 718 1660 superpartientiS,
753 1600 993 1644 secundum
1031 1609 1317 1644 monstratum
1365 1615 1389 1642 a
1425 1614 1467 1641 se

44 1678 240 1732 modum,
253 1690 423 1723 caeteras
443 1680 646 1739 reperiri,
663 1679 780 1739 quod
793 1714 803 1733 ,
826 1680 861 1722 si
877 1696 954 1739 per
969 1696 1044 1722 vos
1058 1678 1182 1738 plene
1200 1676 1319 1737 quod
1336 1676 1466 1737 paulo

42 1756 245 1814 praemisit
263 1757 457 1816 superius
481 1757 755 1810 intellexero,
783 1757 859 1800 ubi
876 1758 936 1800 ait
960 1776 968 1799 :
994 1775 1013 1797 «
1034 1757 1404 1815 Vocabunturque
1422 1756 1468 1798 hi

44 1833 281 1876 secundum
306 1835 502 1894 proprias
534 1844 674 1893 partes
702 1834 861 1894 duplex
884 1835 1250 1894 superbipartiens
1272 1853 1312 1886 »,
1344 1844 1386 1876 et
1410 1850 1468 1876 se-

44 1912 236 1969 quentia,
249 1912 456 1954 nimirum
466 1911 574 1954 mihi
589 1928 676 1954 non
687 1913 769 1955 erit
777 1911 968 1955 difficile.
985 1911 1105 1954 Idem
1121 1921 1272 1955 auctor
1287 1911 1469 1953 eximius

45 1989 235 2032 secundo
253 1989 446 2048 ejusdem
470 1990 610 2048 operis
627 1988 757 2041 libro,
775 1989 963 2048 itemque
982 1988 1172 2032 secundo
1195 1988 1354 2047 capite:
1380 2005 1399 2027 (ι
1414 1988 1469 2029 Et

45 2076 93 2109 ut
119 2066 201 2119 ait,
235 2066 398 2125 inquit,
420 2065 712 2108 Nicomachus
747 2066 1047 2108 inmusitatum
1076 2083 1117 2118 »,
1152 2065 1262 2117 sive,
1292 2074 1341 2107 ut
1364 2063 1468 2107 alibi

45 2144 206 2202 reperi:
226 2143 549 2186 «enmusitaton
566 2142 789 2186 theorema
805 2142 1056 2202 proficiens,
1074 2152 1157 2184 etc.
1185 2159 1205 2182 »
1225 2157 1321 2200 quae
1337 2140 1469 2183 verba

46 2236 183 2278 graeca
209 2236 340 2279 quam
360 2220 547 2263 habeant
566 2220 874 2279 proprietatem
889 2252 900 2271 ,
927 2219 1072 2262 nescio
1093 2219 1128 2261 si
1149 2228 1263 2261 recte
1284 2233 1466 2277 accepe-

46 2299 144 2341 rim.
171 2299 221 2341 In
245 2298 395 2341 eodem
421 2298 532 2341 libro
557 2314 652 2357 cap.
678 2315 761 2340 xxv
779 2297 833 2340 ab
855 2313 905 2340 eo
934 2296 1031 2340 loco
1052 2297 1129 2339 ubi
1153 2296 1360 2355 scriptum
1379 2305 1463 2338 est:

49 2394 69 2415 «
90 2375 245 2418 Omnis
265 2392 436 2435 quoque
469 2376 604 2418 cubus
626 2375 702 2434 qui
723 2391 774 2417 ex
803 2384 1128 2433 tetragonorum
1163 2372 1389 2433 superficie
1423 2373 1468 2414 in

46 2451 384 2512 profunditatem
404 2454 596 2512 corporis
626 2453 784 2495 crevit»
803 2485 813 2503 ‚
837 2468 971 2511 usque
1002 2451 1056 2494 ad
1080 2467 1207 2494 eum:
1232 2470 1251 2491 «
1271 2449 1470 2508 Angulos

46 2546 146 2573 vero
171 2547 250 2573 vlu
272 2546 459 2589 quorum
483 2530 663 2589 singulis
684 2530 762 2573 sub
788 2529 924 2574 tribus
951 2528 1165 2587 ejusmodi
1193 2529 1465 2575 continetur,

45 2608 191 2666 quales
217 2608 381 2666 priores
408 2607 527 2650 suere
554 2609 767 2665 tetragoni
802 2607 916 2650 unde
956 2607 1092 2649 cubus
1122 2607 1209 2663 ipse
1232 2603 1468 2663 productus

47 2694 168 2735 est»,
194 2693 240 2726 ut
265 2683 395 2726 verbo
416 2685 549 2742 ipsius
566 2683 718 2743 loquar
734 2718 743 2736 ,
766 2684 950 2743 figuram
977 2684 1038 2725 rei
1063 2681 1230 2724 subtilis
1254 2697 1340 2723 non
1359 2696 1469 2723 asse—

50 2779 183 2822 quor·7
215 2773 255 2807 et
283 2773 327 2807 ut
351 2780 426 2822 per
450 2780 522 2806 vos
555 2763 647 2821 ejus
680 2763 944 2807 intellectum
979 2763 1167 2821 capiam,
1198 2760 1471 2804 vehementer
