2105 3348
591 299 667 335 216
892 293 1131 331 HlSl'ORlA
1162 293 1579 339 'l'RANb‘LATIONlS,
1610 309 1690 336 ETC.

591 375 650 422 ab
681 375 837 420 amieis
872 375 966 419 suis
1004 390 1054 418 ac
1087 373 1368 437 propinquis
1394 375 1439 420 in
1474 393 1608 422 carro
1638 376 1859 433 adducta,
1888 395 1996 423 cum

586 455 717 514 juxta
742 449 971 496 feretrum
991 459 1262 496 sanctorum
1284 450 1408 496 inter
1428 460 1623 497 caeteros
1643 452 1837 515 vigilans
1857 463 1998 518 atquc

591 545 727 574 orans
748 536 1048 590 pernoctaret
1062 562 1073 580 ,
1096 539 1281 590 recepta
1300 528 1518 574 omnium
1536 528 1863 576 membrorum
1882 531 2000 576 sani-

593 615 706 659 late,
729 603 935 667 propriis
955 601 1152 666 pedibus
1167 640 1180 662 ‚
1201 604 1334 652 nullo
1351 616 1668 662 sustentante,
1692 607 1764 654 vel
1781 607 1998 671 quolibet

590 681 731 728 modo
747 681 1138 736 adminiculante,
1165 681 1220 727 ad
1241 682 1399 728 locum
1419 682 1544 729 unde
1563 695 1754 730 venerat
1768 720 1780 740 ,
1805 684 1851 729 in
1874 702 1997 730 cras-

593 759 747 803 tinum
770 774 971 821 regressa
999 769 1082 803 est.

654 917 731 960 20.
773 915 834 959 At
862 931 946 960 nos
973 913 1238 959 albescente
1270 915 1396 960 coelo
1421 926 1691 979 surgentes,
1720 916 1856 962 sociis
1883 932 1998 963 nos—

589 994 673 1038 tris
693 991 992 1039 venientibus
1015 989 1202 1038 obviam
1226 992 1293 1038 ire
1316 993 1635 1055 perreximus3
1661 992 1886 1040 habentes
1909 1009 1997 1039 no-

587 1070 770 1116 hiscum
799 1068 1102 1115 immodicam
1124 1069 1392 1115 vicinorum
1419 1080 1695 1118 nostrorum
1721 1070 1998 1116 multitudi—

590 1166 721 1203 nem,
761 1149 840 1213 qui
881 1148 998 1193 fama
1047 1147 1272 1194 adventus
1311 1158 1584 1193 sanctorum
1625 1149 1786 1204 exciti,
1823 1149 1878 1194 acl
1909 1147 1999 1195 hoc

587 1227 744 1290 primo
761 1225 971 1272 diluculo
988 1242 1078 1288 pro
1092 1224 1278 1271 foribus
1294 1225 1469 1271 nostris
1490 1226 1828 1281 constiterunt,
1845 1236 1896 1270 ut
1908 1243 1999 1271 una

587 1303 836 1350 nobiscum
860 1301 1030 1347 sanetis
1054 1301 1245 1348 obviam
1264 1301 1595 1365 procederent.
1618 1302 1682 1346 Et,
1706 1301 2000 1347 occurrimus

584 1382 648 1427 eis
670 1382 717 1426 in
737 1398 792 1428 eo
813 1380 942 1436 loco,
963 1378 1044 1425 ubi
1061 1378 1314 1443 Gaspentia
1338 1379 1558 1426 fluviolus
1578 1380 1736 1426 Maeno
1755 1379 1996 1426 miscetur.

585 1457 699 1504 Inde
718 1458 896 1521 pariter
919 1457 1188 1503 incedentes
1203 1493 1213 1511 ,
1242 1474 1292 1503 ac
1312 1456 1495 1503 domini
1523 1456 1672 1503 nostri
1692 1456 1801 1503 Jesu
1823 1455 2000 1502 Christi

587 1533 956 1581 misericordiam
978 1533 1320 1590 collaudantes,
1341 1552 1489 1579 sacras
1506 1533 1604 1579 illas
1622 1532 2001 1580 beatissimorum

587 1613 862 1676 Martyrum
875 1612 1062 1657 exuvias
1073 1611 1127 1657 ad
1139 1611 1424 1659 Mulinlieim
1434 1612 1861 1675 superiorem—sic
1875 1612 2002 1658 enim

589 1690 821 1738 moderno
860 1701 1075 1752 tempore
1120 1690 1249 1735 loeus
1290 1689 1367 1736 ille
1402 1700 1675 1736 vocatur—
1695 1707 1803 1735 cum
1832 1707 2003 1754 magna

588 1769 806 1815 omnium
825 1769 905 1832 qui
925 1767 987 1812 ibi
1004 1767 1156 1814 adesse
1174 1779 1436 1830 potuerunt
1456 1768 1619 1813 laetitia
1632 1779 1678 1814 et
1691 1768 2001 1825 exultatione,

587 1847 842 1895 detulimus
873 1867 880 1890 :
917 1846 994 1892 sed
1027 1864 1124 1909 prae
1159 1847 1304 1892 nimia
1331 1846 1495 1910 populi
1532 1845 1866 1902 multitudiue,
1895 1864 2002 1911 quae

586 1924 856 1990 praecedens
878 1934 1045 1969 cuncta
1065 1924 1401 1987 compleverat,
1423 1940 1577 1988 neque
1597 1923 1838 1970 ecclesiam
1856 1922 2001 1979 adire,

588 2020 742 2067 neque
770 2001 1005 2048 feretrum
1040 2002 1087 2047 in
1115 2019 1214 2047 eam
1247 2001 1422 2047 inferre
1447 2001 1679 2046 valuimus
1706 2021 1716 2046 :
1750 2000 1928 2047 idcirco
1954 2001 2003 2045 in

591 2098 755 2144 campo
778 2078 1046 2142 adjacente,
1076 2089 1216 2143 atque
1252 2079 1297 2123 in
1339 2078 1445 2124 loco
1479 2077 1707 2134 editiore,
1739 2078 1885 2124 altare
1916 2076 2003 2123 sub

589 2159 699 2205 divo
735 2158 989 2212 ereximus;
1018 2174 1068 2202 ae
1095 2156 1273 2203 feretro
1298 2173 1424 2220 pone
1447 2156 1592 2202 altare
1615 2156 1857 2219 deposito,
1886 2156 2003 2200 mis—

591 2253 747 2283 sarum
766 2236 992 2282 solemnia
1006 2234 1362 2281 celebravimus.
1378 2233 1561 2294 Quibus
1582 2234 1794 2298 expletis,
1811 2251 1863 2279 ac
1883 2233 2004 2279 mul-

594 2314 796 2361 litudine
819 2313 873 2359 ad
895 2331 973 2359 sua
999 2313 1268 2363 recedente,
1294 2313 1340 2358 in
1362 2312 1600 2360 ecclesiam
1621 2330 1642 2357 a
1661 2311 1808 2358 beatis
1828 2311 2006 2376 Marty-

592 2392 725 2438 ribus
743 2393 914 2455 jussam
935 2427 946 2445 ,
975 2408 1139 2437 eorum
1164 2391 1468 2436 sacratissima
1496 2407 1694 2453 corpora
1726 2389 2001 2443 intulimus,

594 2487 662 2526 ac,
693 2469 870 2515 feretro
888 2479 1084 2532 propter
1109 2467 1254 2514 altare
1281 2468 1436 2514 locato
1451 2503 1462 2522 ‚
1485 2468 1658 2513 iterum
1676 2467 1864 2511 missam
1883 2465 2007 2512 cele-

596 2548 730 2593 brare
773 2547 1056 2592 curavimus.
1104 2544 1272 2608 Ibique
1312 2545 1435 2592 inter
1487 2543 1849 2598 celebrandum,
1886 2560 2006 2606 puer

594 2626 780 2689 quidam
795 2661 806 2681 ,
828 2642 1063 2670 annorum
1087 2623 1275 2668 circiter
1296 2623 1587 2686 quindecim,
1605 2621 1800 2669 nomine
1818 2620 2002 2675 Daniel,

594 2703 648 2749 ‹lc
675 2720 793 2766 pago
818 2703 1067 2756 Porliano,
1098 2701 1178 2764 qui
1214 2700 1323 2745 illuc
1347 2701 1470 2747 inter
1496 2700 1609 2746 alios
1632 2715 1856 2762 pauperes
1876 2714 2004 2743 men-

594 2779 792 2825 ‹licanalo
822 2790 1003 2824 vem-ia!
1028 2814 1038 2833 ,
1069 2788 1208 2841 atquc
1236 2778 1293 2821 ita
1323 2796 1492 2823 curvus
1517 2787 1615 2824 erat
1635 2812 1645 2832 ,
1679 2786 1728 2822 ut
1761 2776 1845 2821 nisi
1875 2774 2004 2837 supi-
