<?xml version="1.0" encoding="UTF-8"?>
<!DOCTYPE html PUBLIC "-//W3C//DTD XHTML 1.0 Transitional//EN"
    "http://www.w3.org/TR/xhtml1/DTD/xhtml1-transitional.dtd">
<html xmlns="http://www.w3.org/1999/xhtml" xml:lang="en" lang="en">
 <head>
  <title>
</title>
<meta http-equiv="Content-Type" content="text/html;charset=utf-8" />
  <meta name='ocr-system' content='tesseract 3.04.00' />
  <meta name='ocr-capabilities' content='ocr_page ocr_carea ocr_par ocr_line ocrx_word'/>
</head>
<body>
  <div class='ocr_page' id='page_1' title='image "./einhardiomniaqua02einhuoft_0384.png"; bbox 0 0 2105 3348; ppageno 0'>
   <div class='ocr_carea' id='block_1_1' title="bbox 581 298 1684 346">
    <p class='ocr_par' dir='ltr' id='par_1_1' title="bbox 581 298 1684 346">
     <span class='ocr_line' id='line_1_1' title="bbox 581 298 1684 346; baseline -0.006 -4"><span class='ocrx_word' id='word_1_1' title='bbox 581 303 658 342; x_wconf 76' lang='lat'><strong>346</strong></span> <span class='ocrx_word' id='word_1_2' title='bbox 878 298 1120 338; x_wconf 83' lang='lat' dir='ltr'>HISTORIA</span> <span class='ocrx_word' id='word_1_3' title='bbox 1150 298 1548 338; x_wconf 83' lang='lat' dir='ltr'><strong>TRANSLATIONIS</strong></span> <span class='ocrx_word' id='word_1_4' title='bbox 1564 327 1573 346; x_wconf 93' lang='lat'>‚</span> <span class='ocrx_word' id='word_1_5' title='bbox 1605 314 1684 339; x_wconf 66' lang='lat' dir='ltr'><strong>mc.</strong></span> 
     </span>
    </p>
   </div>
   <div class='ocr_carea' id='block_1_2' title="bbox 576 377 2001 1296">
    <p class='ocr_par' dir='ltr' id='par_1_2' title="bbox 576 377 2001 1296">
     <span class='ocr_line' id='line_1_2' title="bbox 578 377 1991 446; baseline 0.001 -18"><span class='ocrx_word' id='word_1_6' title='bbox 578 382 657 428; x_wconf 87' lang='lat' dir='ltr'><strong>das</strong></span> <span class='ocrx_word' id='word_1_7' title='bbox 685 377 965 444; x_wconf 79' lang='lat' dir='ltr'><strong>septembris</strong></span> <span class='ocrx_word' id='word_1_8' title='bbox 983 414 994 434; x_wconf 91' lang='lat'>‚</span> <span class='ocrx_word' id='word_1_9' title='bbox 1032 379 1080 424; x_wconf 90' lang='lat' dir='ltr'><strong>in</strong></span> <span class='ocrx_word' id='word_1_10' title='bbox 1112 377 1274 425; x_wconf 85' lang='lat' dir='ltr'><strong>eadem</strong></span> <span class='ocrx_word' id='word_1_11' title='bbox 1301 378 1490 425; x_wconf 88' lang='lat' dir='ltr'><strong>ecclesia</strong></span> <span class='ocrx_word' id='word_1_12' title='bbox 1506 414 1519 435; x_wconf 90' lang='lat'><em>‚</em></span> <span class='ocrx_word' id='word_1_13' title='bbox 1547 397 1656 426; x_wconf 91' lang='lat' dir='ltr'><strong>cum</strong></span> <span class='ocrx_word' id='word_1_14' title='bbox 1684 379 1991 446; x_wconf 82' lang='lat' dir='ltr'><strong>Evangelium</strong></span> 
     </span>
     <span class='ocr_line' id='line_1_3' title="bbox 581 455 1992 523; baseline 0.001 -19"><span class='ocrx_word' id='word_1_15' title='bbox 581 461 842 523; x_wconf 77' lang='lat' dir='ltr'><strong>legeretur,</strong></span> <span class='ocrx_word' id='word_1_16' title='bbox 883 455 1050 503; x_wconf 87' lang='lat' dir='ltr'><strong>eodem</strong></span> <span class='ocrx_word' id='word_1_17' title='bbox 1086 455 1266 520; x_wconf 90' lang='lat' dir='ltr'><strong>populo</strong></span> <span class='ocrx_word' id='word_1_18' title='bbox 1300 465 1445 515; x_wconf 90' lang='lat' dir='ltr'><strong>teste,</strong></span> <span class='ocrx_word' id='word_1_19' title='bbox 1481 457 1544 503; x_wconf 85' lang='lat' dir='ltr'><strong>ita</strong></span> <span class='ocrx_word' id='word_1_20' title='bbox 1577 467 1730 505; x_wconf 84' lang='lat' dir='ltr'><strong>erecta</strong></span> <span class='ocrx_word' id='word_1_21' title='bbox 1767 468 1907 523; x_wconf 88' lang='lat' dir='ltr'><strong>atque</strong></span> <span class='ocrx_word' id='word_1_22' title='bbox 1944 461 1992 506; x_wconf 90' lang='lat' dir='ltr'><strong>in</strong></span> 
     </span>
     <span class='ocr_line' id='line_1_4' title="bbox 577 533 1996 601; baseline 0.003 -20"><span class='ocrx_word' id='word_1_23' title='bbox 577 545 750 581; x_wconf 87' lang='lat' dir='ltr'><strong>statum</strong></span> <span class='ocrx_word' id='word_1_24' title='bbox 782 533 1042 598; x_wconf 89' lang='lat' dir='ltr'><strong>pristinum</strong></span> <span class='ocrx_word' id='word_1_25' title='bbox 1077 534 1295 581; x_wconf 80' lang='lat' dir='ltr'><strong>restituta</strong></span> <span class='ocrx_word' id='word_1_26' title='bbox 1326 543 1426 592; x_wconf 87' lang='lat' dir='ltr'><strong>est,</strong></span> <span class='ocrx_word' id='word_1_27' title='bbox 1472 551 1524 580; x_wconf 87' lang='lat' dir='ltr'><strong>ac</strong></span> <span class='ocrx_word' id='word_1_28' title='bbox 1555 535 1592 581; x_wconf 91' lang='lat' dir='ltr'><strong>si</strong></span> <span class='ocrx_word' id='word_1_29' title='bbox 1631 552 1880 600; x_wconf 84' lang='lat' dir='ltr'><strong>nunquam</strong></span> <span class='ocrx_word' id='word_1_30' title='bbox 1912 555 1996 601; x_wconf 90' lang='lat' dir='ltr'><strong>per</strong></span> 
     </span>
     <span class='ocr_line' id='line_1_5' title="bbox 577 611 1996 676; baseline 0.002 -18"><span class='ocrx_word' id='word_1_31' title='bbox 577 612 721 659; x_wconf 87' lang='lat' dir='ltr'><strong>ullam</strong></span> <span class='ocrx_word' id='word_1_32' title='bbox 747 612 963 676; x_wconf 86' lang='lat' dir='ltr'><strong>corporis</strong></span> <span class='ocrx_word' id='word_1_33' title='bbox 988 612 1059 658; x_wconf 89' lang='lat' dir='ltr'><strong>sui</strong></span> <span class='ocrx_word' id='word_1_34' title='bbox 1095 611 1341 659; x_wconf 87' lang='lat' dir='ltr'><strong>laesionem</strong></span> <span class='ocrx_word' id='word_1_35' title='bbox 1364 611 1421 659; x_wconf 91' lang='lat' dir='ltr'><strong>ad</strong></span> <span class='ocrx_word' id='word_1_36' title='bbox 1454 623 1631 660; x_wconf 88' lang='lat' dir='ltr'><strong>terram</strong></span> <span class='ocrx_word' id='word_1_37' title='bbox 1656 612 1822 660; x_wconf 85' lang='lat' dir='ltr'><strong>fuisset</strong></span> <span class='ocrx_word' id='word_1_38' title='bbox 1854 614 1996 661; x_wconf 88' lang='lat' dir='ltr'><strong>incli-</strong></span> 
     </span>
     <span class='ocr_line' id='line_1_6' title="bbox 577 688 1996 747; baseline 0.001 -11"><span class='ocrx_word' id='word_1_39' title='bbox 577 701 703 736; x_wconf 88' lang='lat' dir='ltr'><strong>nata.</strong></span> <span class='ocrx_word' id='word_1_40' title='bbox 747 693 911 737; x_wconf 85' lang='lat' dir='ltr'><strong>Postea</strong></span> <span class='ocrx_word' id='word_1_41' title='bbox 946 706 1089 747; x_wconf 82' lang='lat' dir='ltr'><strong>vero,</strong></span> <span class='ocrx_word' id='word_1_42' title='bbox 1129 688 1332 737; x_wconf 86' lang='lat' dir='ltr'><strong>secunda</strong></span> <span class='ocrx_word' id='word_1_43' title='bbox 1368 699 1415 737; x_wconf 89' lang='lat' dir='ltr'><strong>et</strong></span> <span class='ocrx_word' id='word_1_44' title='bbox 1453 690 1671 737; x_wconf 87' lang='lat' dir='ltr'><strong>vicesima</strong></span> <span class='ocrx_word' id='word_1_45' title='bbox 1707 689 1783 737; x_wconf 90' lang='lat' dir='ltr'><strong>die</strong></span> <span class='ocrx_word' id='word_1_46' title='bbox 1825 692 1996 738; x_wconf 81' lang='lat' dir='ltr'>mensis</span> 
     </span>
     <span class='ocr_line' id='line_1_7' title="bbox 576 765 1997 830; baseline 0.002 -18"><span class='ocrx_word' id='word_1_47' title='bbox 576 765 888 830; x_wconf 88' lang='lat' dir='ltr'><strong>septembris,</strong></span> <span class='ocrx_word' id='word_1_48' title='bbox 924 765 973 812; x_wconf 91' lang='lat' dir='ltr'><strong>id</strong></span> <span class='ocrx_word' id='word_1_49' title='bbox 1003 776 1073 813; x_wconf 89' lang='lat' dir='ltr'><strong>est</strong></span> <span class='ocrx_word' id='word_1_50' title='bbox 1105 766 1293 814; x_wconf 90' lang='lat' dir='ltr'><strong>decimo</strong></span> <span class='ocrx_word' id='word_1_51' title='bbox 1324 765 1546 814; x_wconf 82' lang='lat' dir='ltr'><strong>kalendas</strong></span> <span class='ocrx_word' id='word_1_52' title='bbox 1575 765 1788 814; x_wconf 88' lang='lat' dir='ltr'><strong>octobris</strong></span> <span class='ocrx_word' id='word_1_53' title='bbox 1805 803 1817 824; x_wconf 91' lang='lat'><em>‚</em></span> <span class='ocrx_word' id='word_1_54' title='bbox 1851 766 1997 815; x_wconf 91' lang='lat' dir='ltr'><strong>homo</strong></span> 
     </span>
     <span class='ocr_line' id='line_1_8' title="bbox 576 843 2000 910; baseline 0.001 -20"><span class='ocrx_word' id='word_1_55' title='bbox 576 843 769 909; x_wconf 85' lang='lat' dir='ltr'><strong>quidam</strong></span> <span class='ocrx_word' id='word_1_56' title='bbox 793 843 850 892; x_wconf 88' lang='lat' dir='ltr'><strong>de</strong></span> <span class='ocrx_word' id='word_1_57' title='bbox 872 861 993 909; x_wconf 84' lang='lat' dir='ltr'><strong>pago</strong></span> <span class='ocrx_word' id='word_1_58' title='bbox 1003 844 1278 891; x_wconf 79' lang='lat' dir='ltr'><strong>&#39;Texandria</strong></span> <span class='ocrx_word' id='word_1_59' title='bbox 1292 880 1308 903; x_wconf 90' lang='lat'><em>‚</em></span> <span class='ocrx_word' id='word_1_60' title='bbox 1329 860 1387 891; x_wconf 85' lang='lat' dir='ltr'><strong>ex</strong></span> <span class='ocrx_word' id='word_1_61' title='bbox 1404 844 1515 890; x_wconf 87' lang='lat' dir='ltr'><strong>villa</strong></span> <span class='ocrx_word' id='word_1_62' title='bbox 1535 861 1645 910; x_wconf 86' lang='lat' dir='ltr'><strong>quae</strong></span> <span class='ocrx_word' id='word_1_63' title='bbox 1666 843 1884 908; x_wconf 88' lang='lat' dir='ltr'><strong>Apennia</strong></span> <span class='ocrx_word' id='word_1_64' title='bbox 1908 862 2000 892; x_wconf 90' lang='lat' dir='ltr'><strong>no-</strong></span> 
     </span>
     <span class='ocr_line' id='line_1_9' title="bbox 577 920 1998 986; baseline 0.001 -19"><span class='ocrx_word' id='word_1_65' title='bbox 577 922 820 979; x_wconf 86' lang='lat' dir='ltr'><strong>minatur,</strong></span> <span class='ocrx_word' id='word_1_66' title='bbox 855 920 1090 969; x_wconf 86' lang='lat' dir='ltr'><strong>vocabulo</strong></span> <span class='ocrx_word' id='word_1_67' title='bbox 1127 920 1416 980; x_wconf 89' lang='lat' dir='ltr'><strong>Liodoldus,</strong></span> <span class='ocrx_word' id='word_1_68' title='bbox 1460 921 1543 986; x_wconf 90' lang='lat' dir='ltr'><strong>qui</strong></span> <span class='ocrx_word' id='word_1_69' title='bbox 1580 931 1780 986; x_wconf 88' lang='lat' dir='ltr'><strong>propter</strong></span> <span class='ocrx_word' id='word_1_70' title='bbox 1819 921 1998 968; x_wconf 84' lang='lat' dir='ltr'><strong>sinistri</strong></span> 
     </span>
     <span class='ocr_line' id='line_1_10' title="bbox 578 997 2000 1063; baseline 0 -18"><span class='ocrx_word' id='word_1_71' title='bbox 578 999 729 1045; x_wconf 89' lang='lat' dir='ltr'><strong>cruris</strong></span> <span class='ocrx_word' id='word_1_72' title='bbox 763 1017 816 1046; x_wconf 86' lang='lat' dir='ltr'><strong>ac</strong></span> <span class='ocrx_word' id='word_1_73' title='bbox 850 999 980 1063; x_wconf 89' lang='lat' dir='ltr'><strong>pedis</strong></span> <span class='ocrx_word' id='word_1_74' title='bbox 1020 999 1399 1047; x_wconf 82' lang='lat' dir='ltr'><strong>imbecillitatem</strong></span> <span class='ocrx_word' id='word_1_75' title='bbox 1431 997 1618 1047; x_wconf 90' lang='lat' dir='ltr'><strong>duobus</strong></span> <span class='ocrx_word' id='word_1_76' title='bbox 1650 1017 1697 1047; x_wconf 90' lang='lat' dir='ltr'><strong>se</strong></span> <span class='ocrx_word' id='word_1_77' title='bbox 1728 997 1907 1045; x_wconf 84' lang='lat' dir='ltr'><strong>baculis</strong></span> <span class='ocrx_word' id='word_1_78' title='bbox 1943 999 2000 1045; x_wconf 89' lang='lat' dir='ltr'><strong>ad</strong></span> 
     </span>
     <span class='ocr_line' id='line_1_11' title="bbox 580 1075 1999 1141; baseline 0.001 -19"><span class='ocrx_word' id='word_1_79' title='bbox 580 1075 894 1123; x_wconf 86' lang='lat' dir='ltr'><strong>incedendum</strong></span> <span class='ocrx_word' id='word_1_80' title='bbox 917 1076 1240 1134; x_wconf 86' lang='lat' dir='ltr'><strong>sustentabat,</strong></span> <span class='ocrx_word' id='word_1_81' title='bbox 1268 1077 1329 1124; x_wconf 88' lang='lat' dir='ltr'><strong>ita</strong></span> <span class='ocrx_word' id='word_1_82' title='bbox 1353 1075 1529 1124; x_wconf 83' lang='lat' dir='ltr'><strong>ibidem</strong></span> <span class='ocrx_word' id='word_1_83' title='bbox 1553 1081 1605 1123; x_wconf 90' lang='lat' dir='ltr'><strong>in</strong></span> <span class='ocrx_word' id='word_1_84' title='bbox 1625 1086 1884 1141; x_wconf 86' lang='lat' dir='ltr'><strong>conspectu</strong></span> <span class='ocrx_word' id='word_1_85' title='bbox 1905 1093 1999 1141; x_wconf 90' lang='lat' dir='ltr'><strong>po-</strong></span> 
     </span>
     <span class='ocr_line' id='line_1_12' title="bbox 579 1153 2001 1219; baseline 0.002 -19"><span class='ocrx_word' id='word_1_86' title='bbox 579 1154 679 1218; x_wconf 89' lang='lat' dir='ltr'><strong>puli</strong></span> <span class='ocrx_word' id='word_1_87' title='bbox 708 1154 917 1218; x_wconf 83' lang='lat' dir='ltr'><strong>perfecte</strong></span> <span class='ocrx_word' id='word_1_88' title='bbox 945 1164 1133 1200; x_wconf 89' lang='lat' dir='ltr'><strong>curatus</strong></span> <span class='ocrx_word' id='word_1_89' title='bbox 1159 1164 1229 1201; x_wconf 87' lang='lat' dir='ltr'><strong>est</strong></span> <span class='ocrx_word' id='word_1_90' title='bbox 1247 1190 1260 1211; x_wconf 94' lang='lat'><strong>,</strong></span> <span class='ocrx_word' id='word_1_91' title='bbox 1292 1164 1348 1200; x_wconf 91' lang='lat' dir='ltr'><strong>ut</strong></span> <span class='ocrx_word' id='word_1_92' title='bbox 1371 1154 1495 1201; x_wconf 86' lang='lat' dir='ltr'><strong>ultra</strong></span> <span class='ocrx_word' id='word_1_93' title='bbox 1515 1157 1612 1219; x_wconf 79' lang='lat' dir='ltr'><strong>jam</strong></span> <span class='ocrx_word' id='word_1_94' title='bbox 1636 1155 1686 1201; x_wconf 90' lang='lat' dir='ltr'><strong>in</strong></span> <span class='ocrx_word' id='word_1_95' title='bbox 1711 1153 2001 1203; x_wconf 85' lang='lat' dir='ltr'><strong>ambulando</strong></span> 
     </span>
     <span class='ocr_line' id='line_1_13' title="bbox 578 1230 1502 1296; baseline 0.001 -19"><span class='ocrx_word' id='word_1_96' title='bbox 578 1230 863 1279; x_wconf 81' lang='lat' dir='ltr'><strong>baculorum</strong></span> <span class='ocrx_word' id='word_1_97' title='bbox 884 1230 1177 1280; x_wconf 88' lang='lat' dir='ltr'><strong>adminiculo</strong></span> <span class='ocrx_word' id='word_1_98' title='bbox 1200 1249 1302 1279; x_wconf 92' lang='lat' dir='ltr'><strong>non</strong></span> <span class='ocrx_word' id='word_1_99' title='bbox 1327 1242 1502 1296; x_wconf 84' lang='lat' dir='ltr'><strong>egeret.</strong></span> 
     </span>
    </p>
   </div>
   <div class='ocr_carea' id='block_1_3' title="bbox 573 1457 2000 2845">
    <p class='ocr_par' dir='ltr' id='par_1_3' title="bbox 573 1457 2000 2845">
     <span class='ocr_line' id='line_1_14' title="bbox 644 1457 2000 1523; baseline 0.001 -18"><span class='ocrx_word' id='word_1_100' title='bbox 644 1457 724 1505; x_wconf 82' lang='lat'><strong>79.</strong></span> <span class='ocrx_word' id='word_1_101' title='bbox 762 1457 943 1518; x_wconf 85' lang='lat' dir='ltr'><strong>Quarta</strong></span> <span class='ocrx_word' id='word_1_102' title='bbox 972 1475 1087 1506; x_wconf 88' lang='lat' dir='ltr'><strong>vero</strong></span> <span class='ocrx_word' id='word_1_103' title='bbox 1110 1457 1186 1505; x_wconf 86' lang='lat' dir='ltr'><strong>die</strong></span> <span class='ocrx_word' id='word_1_104' title='bbox 1210 1467 1320 1523; x_wconf 87' lang='lat' dir='ltr'><strong>post</strong></span> <span class='ocrx_word' id='word_1_105' title='bbox 1343 1459 1665 1522; x_wconf 86' lang='lat' dir='ltr'><strong>patrationem</strong></span> <span class='ocrx_word' id='word_1_106' title='bbox 1689 1458 1827 1522; x_wconf 86' lang='lat' dir='ltr'><strong>hujus</strong></span> <span class='ocrx_word' id='word_1_107' title='bbox 1853 1460 2000 1506; x_wconf 85' lang='lat' dir='ltr'><strong>mira-</strong></span> 
     </span>
     <span class='ocr_line' id='line_1_15' title="bbox 580 1533 1998 1602; baseline 0.002 -22"><span class='ocrx_word' id='word_1_108' title='bbox 580 1533 700 1592; x_wconf 91' lang='lat' dir='ltr'><strong>culi,</strong></span> <span class='ocrx_word' id='word_1_109' title='bbox 723 1535 771 1581; x_wconf 91' lang='lat' dir='ltr'><strong>id</strong></span> <span class='ocrx_word' id='word_1_110' title='bbox 789 1544 857 1581; x_wconf 88' lang='lat' dir='ltr'><strong>est</strong></span> <span class='ocrx_word' id='word_1_111' title='bbox 875 1535 1078 1599; x_wconf 87' lang='lat' dir='ltr'><strong>septimo</strong></span> <span class='ocrx_word' id='word_1_112' title='bbox 1097 1535 1316 1582; x_wconf 87' lang='lat' dir='ltr'><strong>kalendas</strong></span> <span class='ocrx_word' id='word_1_113' title='bbox 1337 1535 1551 1583; x_wconf 87' lang='lat' dir='ltr'><strong>octobris</strong></span> <span class='ocrx_word' id='word_1_114' title='bbox 1565 1572 1578 1592; x_wconf 90' lang='lat'><strong>,</strong></span> <span class='ocrx_word' id='word_1_115' title='bbox 1599 1536 1787 1600; x_wconf 86' lang='lat' dir='ltr'><strong>juvenis</strong></span> <span class='ocrx_word' id='word_1_116' title='bbox 1804 1536 1998 1602; x_wconf 85' lang='lat' dir='ltr'><strong>quidam</strong></span> 
     </span>
     <span class='ocr_line' id='line_1_16' title="bbox 578 1611 1993 1679; baseline 0.001 -21"><span class='ocrx_word' id='word_1_117' title='bbox 578 1611 746 1658; x_wconf 86' lang='lat' dir='ltr'><strong>surdus</strong></span> <span class='ocrx_word' id='word_1_118' title='bbox 777 1623 823 1659; x_wconf 90' lang='lat' dir='ltr'><strong>et</strong></span> <span class='ocrx_word' id='word_1_119' title='bbox 853 1624 1015 1659; x_wconf 84' lang='lat' dir='ltr'><strong>mutus</strong></span> <span class='ocrx_word' id='word_1_120' title='bbox 1035 1649 1048 1670; x_wconf 91' lang='lat'>‚</span> <span class='ocrx_word' id='word_1_121' title='bbox 1080 1613 1268 1660; x_wconf 80' lang='lat' dir='ltr'><strong>sinistra</strong></span> <span class='ocrx_word' id='word_1_122' title='bbox 1293 1630 1486 1679; x_wconf 84' lang='lat' dir='ltr'><strong>quoque</strong></span> <span class='ocrx_word' id='word_1_123' title='bbox 1517 1631 1663 1660; x_wconf 89' lang='lat' dir='ltr'><strong>manu</strong></span> <span class='ocrx_word' id='word_1_124' title='bbox 1695 1624 1993 1671; x_wconf 78' lang='lat' dir='ltr'><strong>contractus,</strong></span> 
     </span>
     <span class='ocr_line' id='line_1_17' title="bbox 580 1690 1999 1757; baseline 0.001 -20"><span class='ocrx_word' id='word_1_125' title='bbox 580 1692 776 1739; x_wconf 82' lang='lat' dir='ltr'><strong>nomine</strong></span> <span class='ocrx_word' id='word_1_126' title='bbox 798 1690 1090 1740; x_wconf 87' lang='lat' dir='ltr'><strong>Hunwaldus</strong></span> <span class='ocrx_word' id='word_1_127' title='bbox 1109 1727 1122 1748; x_wconf 90' lang='lat'><strong>,</strong></span> <span class='ocrx_word' id='word_1_128' title='bbox 1148 1692 1206 1740; x_wconf 85' lang='lat' dir='ltr'><strong>de</strong></span> <span class='ocrx_word' id='word_1_129' title='bbox 1231 1692 1338 1738; x_wconf 87' lang='lat' dir='ltr'><strong>villa</strong></span> <span class='ocrx_word' id='word_1_130' title='bbox 1363 1692 1540 1739; x_wconf 89' lang='lat' dir='ltr'><strong>Corvio</strong></span> <span class='ocrx_word' id='word_1_131' title='bbox 1561 1703 1862 1757; x_wconf 85' lang='lat' dir='ltr'><strong>nuncupata,</strong></span> <span class='ocrx_word' id='word_1_132' title='bbox 1888 1710 1999 1739; x_wconf 90' lang='lat' dir='ltr'><strong>cum</strong></span> 
     </span>
     <span class='ocr_line' id='line_1_18' title="bbox 579 1769 1996 1835; baseline 0.002 -21"><span class='ocrx_word' id='word_1_133' title='bbox 579 1778 689 1816; x_wconf 88' lang='lat' dir='ltr'><strong>ante</strong></span> <span class='ocrx_word' id='word_1_134' title='bbox 723 1786 873 1815; x_wconf 84' lang='lat' dir='ltr'><strong>sacras</strong></span> <span class='ocrx_word' id='word_1_135' title='bbox 912 1769 1183 1833; x_wconf 83' lang='lat' dir='ltr'><strong>Martyrum</strong></span> <span class='ocrx_word' id='word_1_136' title='bbox 1216 1770 1440 1834; x_wconf 80' lang='lat' dir='ltr'><strong>reliquias</strong></span> <span class='ocrx_word' id='word_1_137' title='bbox 1479 1771 1710 1827; x_wconf 86' lang='lat' dir='ltr'><strong>venisset,</strong></span> <span class='ocrx_word' id='word_1_138' title='bbox 1753 1780 1896 1835; x_wconf 84' lang='lat' dir='ltr'><strong>atque</strong></span> <span class='ocrx_word' id='word_1_139' title='bbox 1931 1770 1996 1817; x_wconf 88' lang='lat' dir='ltr'><strong>ibi</strong></span> 
     </span>
     <span class='ocr_line' id='line_1_19' title="bbox 579 1845 1996 1911; baseline 0.004 -21"><span class='ocrx_word' id='word_1_140' title='bbox 579 1845 859 1910; x_wconf 88' lang='lat' dir='ltr'><strong>suppliciter</strong></span> <span class='ocrx_word' id='word_1_141' title='bbox 882 1857 1058 1894; x_wconf 81' lang='lat' dir='ltr'><strong>orasset</strong></span> <span class='ocrx_word' id='word_1_142' title='bbox 1077 1882 1089 1903; x_wconf 87' lang='lat'>‚</span> <span class='ocrx_word' id='word_1_143' title='bbox 1120 1848 1278 1893; x_wconf 86' lang='lat' dir='ltr'><strong>statim</strong></span> <span class='ocrx_word' id='word_1_144' title='bbox 1309 1865 1393 1911; x_wconf 91' lang='lat' dir='ltr'><strong>per</strong></span> <span class='ocrx_word' id='word_1_145' title='bbox 1419 1848 1647 1894; x_wconf 85' lang='lat' dir='ltr'><strong>virtutem</strong></span> <span class='ocrx_word' id='word_1_146' title='bbox 1678 1846 1879 1904; x_wconf 87' lang='lat' dir='ltr'><strong>Christi,</strong></span> <span class='ocrx_word' id='word_1_147' title='bbox 1906 1846 1996 1895; x_wconf 87' lang='lat' dir='ltr'><strong>de—</strong></span> 
     </span>
     <span class='ocr_line' id='line_1_20' title="bbox 579 1923 1995 1990; baseline 0.004 -22"><span class='ocrx_word' id='word_1_148' title='bbox 579 1923 722 1986; x_wconf 89' lang='lat' dir='ltr'><strong>pulsis</strong></span> <span class='ocrx_word' id='word_1_149' title='bbox 753 1925 985 1971; x_wconf 84' lang='lat' dir='ltr'><strong>universis</strong></span> <span class='ocrx_word' id='word_1_150' title='bbox 1017 1924 1191 1990; x_wconf 89' lang='lat' dir='ltr'><strong>quibus</strong></span> <span class='ocrx_word' id='word_1_151' title='bbox 1223 1924 1514 1972; x_wconf 84' lang='lat' dir='ltr'><strong>afficiebatur</strong></span> <span class='ocrx_word' id='word_1_152' title='bbox 1547 1926 1863 1973; x_wconf 88' lang='lat' dir='ltr'><strong>incommodis</strong></span> <span class='ocrx_word' id='word_1_153' title='bbox 1880 1961 1894 1984; x_wconf 91' lang='lat'><strong>,</strong></span> <span class='ocrx_word' id='word_1_154' title='bbox 1932 1927 1995 1973; x_wconf 86' lang='lat' dir='ltr'><strong>ita</strong></span> 
     </span>
     <span class='ocr_line' id='line_1_21' title="bbox 578 2001 1997 2068; baseline 0.003 -22"><span class='ocrx_word' id='word_1_155' title='bbox 578 2018 717 2047; x_wconf 82' lang='lat' dir='ltr'><strong>sanus</strong></span> <span class='ocrx_word' id='word_1_156' title='bbox 754 2001 947 2049; x_wconf 80' lang='lat' dir='ltr'><strong>effectus</strong></span> <span class='ocrx_word' id='word_1_157' title='bbox 985 2012 1081 2060; x_wconf 87' lang='lat' dir='ltr'><strong>est,</strong></span> <span class='ocrx_word' id='word_1_158' title='bbox 1125 2021 1178 2049; x_wconf 87' lang='lat' dir='ltr'><strong>ac</strong></span> <span class='ocrx_word' id='word_1_159' title='bbox 1209 2004 1247 2050; x_wconf 89' lang='lat' dir='ltr'><strong>si</strong></span> <span class='ocrx_word' id='word_1_160' title='bbox 1286 2021 1536 2068; x_wconf 88' lang='lat' dir='ltr'><strong>nunquam</strong></span> <span class='ocrx_word' id='word_1_161' title='bbox 1569 2013 1650 2050; x_wconf 89' lang='lat' dir='ltr'><strong>aut</strong></span> <span class='ocrx_word' id='word_1_162' title='bbox 1687 2003 1884 2062; x_wconf 79' lang='lat' dir='ltr'><strong>surdus,</strong></span> <span class='ocrx_word' id='word_1_163' title='bbox 1915 2015 1997 2050; x_wconf 87' lang='lat' dir='ltr'><strong>aut</strong></span> 
     </span>
     <span class='ocr_line' id='line_1_22' title="bbox 578 2080 1997 2138; baseline 0.003 -14"><span class='ocrx_word' id='word_1_164' title='bbox 578 2088 770 2138; x_wconf 87' lang='lat' dir='ltr'><strong>mutus,</strong></span> <span class='ocrx_word' id='word_1_165' title='bbox 795 2090 877 2126; x_wconf 84' lang='lat' dir='ltr'><strong>aut</strong></span> <span class='ocrx_word' id='word_1_166' title='bbox 900 2097 957 2127; x_wconf 83' lang='lat' dir='ltr'><strong>ex</strong></span> <span class='ocrx_word' id='word_1_167' title='bbox 985 2081 1317 2129; x_wconf 85' lang='lat' dir='ltr'><strong>contractione</strong></span> <span class='ocrx_word' id='word_1_168' title='bbox 1340 2099 1601 2129; x_wconf 87' lang='lat' dir='ltr'><strong>nervorum</strong></span> <span class='ocrx_word' id='word_1_169' title='bbox 1628 2081 1678 2127; x_wconf 92' lang='lat' dir='ltr'><strong>in</strong></span> <span class='ocrx_word' id='word_1_170' title='bbox 1703 2099 1849 2128; x_wconf 87' lang='lat' dir='ltr'><strong>manu</strong></span> <span class='ocrx_word' id='word_1_171' title='bbox 1877 2080 1997 2128; x_wconf 88' lang='lat' dir='ltr'><strong>fuis-</strong></span> 
     </span>
     <span class='ocr_line' id='line_1_23' title="bbox 578 2157 1995 2224; baseline 0.002 -23"><span class='ocrx_word' id='word_1_172' title='bbox 578 2166 647 2202; x_wconf 78' lang='lat' dir='ltr'><strong>set</strong></span> <span class='ocrx_word' id='word_1_173' title='bbox 668 2157 829 2223; x_wconf 89' lang='lat' dir='ltr'><strong>aliquo</strong></span> <span class='ocrx_word' id='word_1_174' title='bbox 854 2157 1000 2206; x_wconf 92' lang='lat' dir='ltr'><strong>modo</strong></span> <span class='ocrx_word' id='word_1_175' title='bbox 1023 2157 1316 2206; x_wconf 78' lang='lat' dir='ltr'><strong>debilitatus,</strong></span> <span class='ocrx_word' id='word_1_176' title='bbox 1345 2159 1670 2224; x_wconf 84' lang='lat' dir='ltr'><strong>Sequentique</strong></span> <span class='ocrx_word' id='word_1_177' title='bbox 1689 2159 1791 2218; x_wconf 88' lang='lat' dir='ltr'><strong>die,</strong></span> <span class='ocrx_word' id='word_1_178' title='bbox 1817 2159 1907 2206; x_wconf 90' lang='lat' dir='ltr'><strong>hoc</strong></span> <span class='ocrx_word' id='word_1_179' title='bbox 1926 2169 1995 2205; x_wconf 87' lang='lat' dir='ltr'><strong>est</strong></span> 
     </span>
     <span class='ocr_line' id='line_1_24' title="bbox 578 2234 1995 2300; baseline 0.003 -22"><span class='ocrx_word' id='word_1_180' title='bbox 578 2244 710 2280; x_wconf 69' lang='lat' dir='ltr'><strong>sexto</strong></span> <span class='ocrx_word' id='word_1_181' title='bbox 725 2235 945 2281; x_wconf 83' lang='lat' dir='ltr'><strong>kalendas</strong></span> <span class='ocrx_word' id='word_1_182' title='bbox 962 2234 1192 2293; x_wconf 90' lang='lat' dir='ltr'><strong>octobris,</strong></span> <span class='ocrx_word' id='word_1_183' title='bbox 1213 2235 1392 2282; x_wconf 86' lang='lat' dir='ltr'><strong>femina</strong></span> <span class='ocrx_word' id='word_1_184' title='bbox 1411 2236 1651 2300; x_wconf 80' lang='lat' dir='ltr'><strong>quaedam,</strong></span> <span class='ocrx_word' id='word_1_185' title='bbox 1674 2237 1872 2283; x_wconf 87' lang='lat' dir='ltr'><strong>nomine</strong></span> <span class='ocrx_word' id='word_1_186' title='bbox 1892 2236 1995 2282; x_wconf 87' lang='lat' dir='ltr'><strong>En-</strong></span> 
     </span>
     <span class='ocr_line' id='line_1_25' title="bbox 575 2310 1994 2378; baseline 0.004 -23"><span class='ocrx_word' id='word_1_187' title='bbox 575 2310 809 2375; x_wconf 81' lang='lat' dir='ltr'><strong>gilgarda,</strong></span> <span class='ocrx_word' id='word_1_188' title='bbox 838 2330 946 2376; x_wconf 89' lang='lat' dir='ltr'><strong>quae</strong></span> <span class='ocrx_word' id='word_1_189' title='bbox 977 2330 1064 2376; x_wconf 89' lang='lat' dir='ltr'><strong>per</strong></span> <span class='ocrx_word' id='word_1_190' title='bbox 1098 2313 1276 2360; x_wconf 91' lang='lat' dir='ltr'><strong>multos</strong></span> <span class='ocrx_word' id='word_1_191' title='bbox 1308 2330 1459 2359; x_wconf 87' lang='lat' dir='ltr'><strong>annos</strong></span> <span class='ocrx_word' id='word_1_192' title='bbox 1489 2313 1591 2359; x_wconf 83' lang='lat' dir='ltr'><strong>dira</strong></span> <span class='ocrx_word' id='word_1_193' title='bbox 1622 2313 1848 2377; x_wconf 83' lang='lat' dir='ltr'><strong>paralysis</strong></span> <span class='ocrx_word' id='word_1_194' title='bbox 1883 2331 1994 2378; x_wconf 86' lang='lat' dir='ltr'><strong>pas-</strong></span> 
     </span>
     <span class='ocr_line' id='line_1_26' title="bbox 576 2388 1993 2455; baseline 0.006 -22"><span class='ocrx_word' id='word_1_195' title='bbox 576 2389 708 2436; x_wconf 86' lang='lat' dir='ltr'><strong>sione</strong></span> <span class='ocrx_word' id='word_1_196' title='bbox 730 2388 999 2446; x_wconf 82' lang='lat' dir='ltr'><strong>tenebatur‚</strong></span> <span class='ocrx_word' id='word_1_197' title='bbox 1029 2389 1189 2436; x_wconf 86' lang='lat' dir='ltr'><strong>eadem</strong></span> <span class='ocrx_word' id='word_1_198' title='bbox 1219 2390 1269 2436; x_wconf 91' lang='lat' dir='ltr'><strong>in</strong></span> <span class='ocrx_word' id='word_1_199' title='bbox 1292 2389 1500 2446; x_wconf 83' lang='lat' dir='ltr'><strong>basilica,</strong></span> <span class='ocrx_word' id='word_1_200' title='bbox 1527 2408 1613 2455; x_wconf 88' lang='lat' dir='ltr'><strong>per</strong></span> <span class='ocrx_word' id='word_1_201' title='bbox 1635 2391 1803 2438; x_wconf 86' lang='lat' dir='ltr'><strong>merita</strong></span> <span class='ocrx_word' id='word_1_202' title='bbox 1826 2390 1993 2441; x_wconf 87' lang='lat' dir='ltr'><strong>beato-</strong></span> 
     </span>
     <span class='ocr_line' id='line_1_27' title="bbox 574 2467 1992 2533; baseline 0.003 -21"><span class='ocrx_word' id='word_1_203' title='bbox 574 2484 682 2512; x_wconf 88' lang='lat' dir='ltr'><strong>rum</strong></span> <span class='ocrx_word' id='word_1_204' title='bbox 703 2467 990 2530; x_wconf 80' lang='lat' dir='ltr'><strong>Martyrum,</strong></span> <span class='ocrx_word' id='word_1_205' title='bbox 1015 2484 1176 2514; x_wconf 88' lang='lat' dir='ltr'><strong>coram</strong></span> <span class='ocrx_word' id='word_1_206' title='bbox 1198 2468 1330 2515; x_wconf 85' lang='lat' dir='ltr'><strong>omni</strong></span> <span class='ocrx_word' id='word_1_207' title='bbox 1352 2469 1557 2533; x_wconf 88' lang='lat' dir='ltr'><strong>populo,</strong></span> <span class='ocrx_word' id='word_1_208' title='bbox 1583 2479 1651 2516; x_wconf 88' lang='lat' dir='ltr'><strong>est</strong></span> <span class='ocrx_word' id='word_1_209' title='bbox 1672 2481 1850 2516; x_wconf 86' lang='lat' dir='ltr'><strong>curata.</strong></span> <span class='ocrx_word' id='word_1_210' title='bbox 1873 2470 1992 2516; x_wconf 85' lang='lat' dir='ltr'><strong>Erat</strong></span> 
     </span>
     <span class='ocr_line' id='line_1_28' title="bbox 575 2543 1986 2611; baseline 0.003 -21"><span class='ocrx_word' id='word_1_211' title='bbox 575 2543 734 2591; x_wconf 87' lang='lat' dir='ltr'><strong>eadem</strong></span> <span class='ocrx_word' id='word_1_212' title='bbox 769 2544 938 2590; x_wconf 84' lang='lat' dir='ltr'><strong>ancilla</strong></span> <span class='ocrx_word' id='word_1_213' title='bbox 970 2545 1214 2608; x_wconf 87' lang='lat' dir='ltr'><strong>pertinens</strong></span> <span class='ocrx_word' id='word_1_214' title='bbox 1250 2545 1307 2592; x_wconf 87' lang='lat' dir='ltr'><strong>ad</strong></span> <span class='ocrx_word' id='word_1_215' title='bbox 1342 2546 1634 2611; x_wconf 85' lang='lat' dir='ltr'><strong>episcopium</strong></span> <span class='ocrx_word' id='word_1_216' title='bbox 1660 2547 1986 2604; x_wconf 85' lang='lat' dir='ltr'><strong>Tornacense,</strong></span> 
     </span>
     <span class='ocr_line' id='line_1_29' title="bbox 574 2617 1988 2688; baseline 0.001 -20"><span class='ocrx_word' id='word_1_217' title='bbox 574 2622 631 2669; x_wconf 88' lang='lat' dir='ltr'><strong>de</strong></span> <span class='ocrx_word' id='word_1_218' title='bbox 670 2622 780 2669; x_wconf 85' lang='lat' dir='ltr'><strong>villa</strong></span> <span class='ocrx_word' id='word_1_219' title='bbox 808 2640 917 2688; x_wconf 84' lang='lat' dir='ltr'><strong>quae</strong></span> <span class='ocrx_word' id='word_1_220' title='bbox 942 2622 1272 2670; x_wconf 80' lang='lat' dir='ltr'><strong>Vuerecundia</strong></span> <span class='ocrx_word' id='word_1_221' title='bbox 1310 2617 1607 2670; x_wconf 76' lang='lat' dir='ltr'><strong>nominatur.</strong></span> <span class='ocrx_word' id='word_1_222' title='bbox 1644 2625 1698 2670; x_wconf 92' lang='lat' dir='ltr'><strong>In</strong></span> <span class='ocrx_word' id='word_1_223' title='bbox 1729 2624 1988 2670; x_wconf 84' lang='lat' dir='ltr'><strong>crastinum</strong></span> 
     </span>
     <span class='ocr_line' id='line_1_30' title="bbox 573 2699 1985 2766; baseline 0.002 -21"><span class='ocrx_word' id='word_1_224' title='bbox 573 2718 704 2758; x_wconf 74' lang='lat' dir='ltr'><strong>vcro,</strong></span> <span class='ocrx_word' id='word_1_225' title='bbox 733 2699 779 2746; x_wconf 87' lang='lat' dir='ltr'><strong>id</strong></span> <span class='ocrx_word' id='word_1_226' title='bbox 803 2710 872 2747; x_wconf 84' lang='lat' dir='ltr'><strong>est</strong></span> <span class='ocrx_word' id='word_1_227' title='bbox 892 2701 1066 2766; x_wconf 83' lang='lat' dir='ltr'><strong>quinto</strong></span> <span class='ocrx_word' id='word_1_228' title='bbox 1088 2700 1306 2747; x_wconf 83' lang='lat' dir='ltr'><strong>kalendas</strong></span> <span class='ocrx_word' id='word_1_229' title='bbox 1335 2700 1573 2759; x_wconf 86' lang='lat' dir='ltr'><strong>octobris,</strong></span> <span class='ocrx_word' id='word_1_230' title='bbox 1600 2701 1745 2748; x_wconf 83' lang='lat' dir='ltr'><strong>altera</strong></span> <span class='ocrx_word' id='word_1_231' title='bbox 1770 2701 1985 2766; x_wconf 84' lang='lat' dir='ltr'><strong>quaedam</strong></span> 
     </span>
     <span class='ocr_line' id='line_1_31' title="bbox 573 2778 1980 2845; baseline 0.001 -21"><span class='ocrx_word' id='word_1_232' title='bbox 573 2778 777 2835; x_wconf 79' lang='lat' dir='ltr'><strong>semina,</strong></span> <span class='ocrx_word' id='word_1_233' title='bbox 811 2779 1006 2845; x_wconf 82' lang='lat' dir='ltr'><strong>nomine</strong></span> <span class='ocrx_word' id='word_1_234' title='bbox 1038 2778 1305 2842; x_wconf 74' lang='lat' dir='ltr'><strong>Ramburga</strong></span> <span class='ocrx_word' id='word_1_235' title='bbox 1326 2816 1336 2836; x_wconf 80' lang='lat'><strong>,</strong></span> <span class='ocrx_word' id='word_1_236' title='bbox 1374 2780 1428 2826; x_wconf 79' lang='lat' dir='ltr'><strong>dc</strong></span> <span class='ocrx_word' id='word_1_237' title='bbox 1461 2779 1567 2826; x_wconf 85' lang='lat' dir='ltr'><strong>villa</strong></span> <span class='ocrx_word' id='word_1_238' title='bbox 1605 2779 1980 2844; x_wconf 64' lang='lat' dir='ltr'><strong>Bertingaheim,</strong></span> 
     </span>
    </p>
   </div>
  </div>
 </body>
</html>
