1979 3348
688 336 861 375 NOTES.
1402 338 1478 376 385

505 449 595 475 nors
621 440 682 484 25,
713 450 801 475 moi:
827 439 908 483 277,
936 449 973 474 No
993 439 1050 474 46.

131 518 233 556 Saint
253 518 396 556 Marius
420 533 467 556 ou
484 518 602 556 Maris
620 548 629 564 ‚
653 520 772 557 sainte
793 517 942 555 Marthe
962 533 1002 555 sa
1024 517 1160 555 femme
1178 546 1187 564 ,
1207 520 1303 556 saint
1318 517 1482 556 Audifax

78 598 114 626 et
135 590 231 627 saint
248 589 429 627 Habacuc
453 604 500 627 ou
519 590 714 627 Abachum
729 589 828 626 leurs
846 589 1009 635 ensants‚
1022 589 1146 626 furent
1161 590 1378 642 martyrises
1399 604 1482 628 sous

77 661 132 698 les
166 660 356 699 dernieres
387 660 525 698 annees
553 660 770 698 d'Aurelien
793 689 802 706 ‚
837 662 856 696 a
888 660 924 696 la
964 661 1014 696 fin
1046 661 1094 698 du
1127 669 1187 698 ιιιε
1225 660 1349 699 siecle.
1383 661 1482 699 Leur

77 732 148 771 sete
164 747 202 769 se
223 732 398 770 celebrait
413 732 506 770 dans
520 732 694 784 l'origine
711 732 744 769 le
764 734 815 769 20
830 731 990 781 janvier‚
1008 732 1093 780 jour
1110 732 1156 768 ‹le
1172 732 1253 769 leur
1268 742 1387 778 mort;
1412 733 1482 770 elle

74 805 131 842 fut
151 805 320 856 reportee
340 820 388 842 au
419 806 485 852 19,
505 804 840 856 posterieurement
856 818 904 840 au
920 811 974 841 1x⁰
996 804 1133 851 siecle,
1157 808 1265 855 apres
1286 805 1400 856 qu’on
1418 814 1482 843 eut

75 875 183 915 renni
204 876 297 914 dans
318 891 368 913 un
387 879 509 913 meme
527 878 630 913 office
650 876 685 913 la
703 875 1035 913 commemoration
1058 875 1104 913 de
1125 877 1222 913 saint
1237 876 1430 914 Sebastien
1447 886 1483 914 et

76 947 168 985 celle
188 947 234 985 de
250 949 348 986 saint
366 947 524 993 Fabien,
547 948 664 984 saints
680 946 731 984 du
752 948 804 984 20
826 947 987 996 janvier.
1012 946 1125 998 (Voy.
1150 946 1299 995 Baium,
1327 949 1400 985 Vz'e
1416 949 1481 986 des

75 1019 235 1065 Saints;
256 1019 367 1058 Janv.
392 1017 468 1056 498
491 1027 527 1055 et
550 1018 662 1065 513.)

497 1130 588 1155 ,vora
611 1120 678 1166 26,
704 1130 791 1156 PAGE
818 1120 908 1165 279,
933 1127 971 1155 N⁰
995 1122 1053 1155 47.

128 1200 187 1239 En
219 1199 298 1239 874
334 1200 789 1252 Louis—le-Germanique
827 1201 909 1238 vint
946 1214 1073 1252 passer
1112 1201 1278 1253 quelque
1309 1211 1430 1255 temps
1460 1207 1483 1242 a

73 1271 338 1323 Seligenstadt,
358 1281 394 1309 et
420 1287 457 1310 se
476 1272 602 1310 rendit
617 1273 762 1309 ensuite
784 1274 804 1309 ἐι
821 1271 1035 1320 Francfort,
1051 1272 1099 1308 οὺ
1116 1272 1142 1309 il
1160 1274 1233 1309 tint
1251 1288 1327 1311 une
1343 1289 1483 1312 assem-

72 1343 156 1381 blee
192 1358 273 1381 vers
305 1344 340 1381 le
363 1353 686 1383 commencement
713 1343 759 1380 de
787 1343 933 1381 sevrier.
961 1346 1079 1394 Apres
1109 1345 1212 1381 avoir
1243 1345 1404 1383 termine
1430 1346 1484 1384 les

74 1416 221 1453 affaires
250 1414 295 1453 de
313 1405 445 1462 l'Etat‚
474 1415 503 1452 il
528 1415 730 1466 s'occupait
754 1414 799 1452 de
829 1428 886 1452 ses
913 1414 1108 1452 devotions
1127 1443 1136 1461 ,
1158 1415 1326 1467 lorsqu’il
1344 1425 1407 1453 eut
1428 1431 1482 1454 un

74 1502 189 1540 songe
209 1503 282 1540 que
303 1488 465 1526 l'auteur
486 1488 550 1526 des
571 1488 734 1525 Annales
763 1487 808 1524 de
840 1487 961 1525 Fulde
988 1495 1139 1525 raconte
1167 1502 1215 1525 en
1235 1502 1295 1525 ces
1318 1497 1480 1527 termes:

35 1578 37 1580 ·
71 1559 236 1597 -Vidit
252 1560 416 1611 quadam
435 1560 600 1610 nocte-in
622 1560 762 1597 somnis
776 1559 983 1611 genitorem
1003 1573 1112 1596 suum
1129 1559 1397 1598 Hludowicum
1412 1561 1484 1598 im-

73 1639 283 1683 peratorem
300 1663 310 1682 ,
337 1632 377 1667 in
405 1631 590 1683 angustiis
624 1631 888 1677 constitutum,
914 1632 980 1682 qui
1017 1645 1104 1669 eum
1134 1631 1205 1669 hoc
1230 1631 1342 1669 modo
1362 1632 1481 1671 latino

73 1704 206 1740 affatus
239 1710 294 1740 est
326 1716 498 1742 sermone
523 1718 533 1739 ε
566 1721 583 1736 «
609 1701 753 1752 Adjuro
773 1710 808 1739 te
832 1716 898 1753 per
916 1702 1124 1738 Dominum
1159 1709 1329 1738 nostrum
1351 1701 1480 1740 Jesum

74 1775 264 1813 Christum
287 1784 330 1813 ut
358 1789 418 1812 me
447 1774 584 1826 eripias
615 1774 662 1811 ab
693 1773 750 1810 his
777 1774 973 1810 tormentis
1002 1773 1042 1810 in
1067 1772 1204 1824 quibus
1232 1772 1418 1821 detineor,
1439 1782 1481 1811 ut

72 1847 226 1885 tandem
259 1846 465 1898 aliquando
494 1847 610 1884 vitam
655 1845 796 1897 possim
828 1845 967 1883 habere
1004 1853 1195 1884 aeternam.
1221 1862 1239 1879 n
1273 1845 1356 1882 Hac
1392 1860 1479 1898 ergo

72 1920 216 1958 visione
238 1919 474 1970 perterritus,
497 1916 673 1968 epistolas
690 1930 757 1967 per
772 1924 908 1953 cuncta
931 1917 1039 1968 regui
1065 1916 1122 1952 sui
1142 1917 1370 1954 monasteria
1391 1916 1478 1954 des-

71 1990 221 2036 tinavit,
247 1989 386 2027 obnixe
405 1988 599 2039 postulans
619 1995 661 2024 ut
685 1988 820 2024 animae
840 1988 878 2024 in
896 1987 1092 2024 tormentis
1113 1988 1258 2038 positae,
1282 1988 1357 2025 suis
1376 1988 1478 2039 apud

71 2063 195 2100 Deum
215 2060 390 2113 precibus
413 2060 700 2097 intervenirent.
723 2058 837 2096 Unde
858 2059 969 2096 datur
986 2058 1145 2110 intelligi
1166 2058 1284 2110 quod,
1306 2060 1478 2110 quamvis

72 2141 299 2171 memoratus
331 2133 535 2183 imperator
564 2131 681 2168 multa
716 2129 925 2167 laudabilia
956 2137 992 2166 et
1031 2129 1112 2166 Deo
1140 2129 1278 2180 placita
1310 2128 1478 2177 fecisset,

72 2204 235 2256 plurima
257 2211 384 2241 tamen
406 2202 483 2254 legi
509 2202 578 2239 Dei
609 2200 797 2238 contraria
822 2201 861 2238 in
882 2214 998 2252 regno
1026 2215 1093 2238 suo
1118 2200 1198 2237 fieri
1223 2201 1406 2252 permisit.
1441 2201 1480 2239 Si

72 2277 188 2323 enim,
216 2284 259 2313 ut
283 2284 411 2313 caetera
438 2274 626 2315 omittam,
646 2274 777 2311 haeresi
796 2273 1066 2310 Nicolaitarum
1088 2273 1246 2311 firmiter
1266 2283 1301 2311 et
1320 2274 1481 2312 viriliter

72 2348 266 2385 restitisset
290 2355 326 2384 et
354 2345 495 2382 monita
516 2344 708 2381 Gabn'elis
725 2343 982 2395 Archangeli,
1005 2358 1092 2396 quoe
1111 2343 1337 2381 Einhardus
1362 2344 1481 2382 abbas

74 2418 269 2456 duodecim
296 2417 475 2470 capitulis
510 2414 775 2469 comprehensa
806 2416 841 2452 ei
865 2415 998 2452 obtulit
1029 2415 1186 2469 legenda
1215 2426 1249 2454 et
1267 2417 1478 2464 facienda,

73 2489 268 2526 observare
297 2495 492 2531 curasset,
519 2486 674 2525 forsitan
704 2487 796 2524 talia
821 2501 898 2524 non
928 2495 1131 2538 pateretur.
1161 2489 1352 2537 (Annales
1381 2489 1481 2526 Ful-

73 2561 232 2607 denses,
258 2559 307 2597 ad
325 2573 416 2597 ann.
439 2571 665 2605 ncecnmuv,
687 2559 781 2596 dans
797 2558 920 2610 Bouq.
939 2559 1040 2604 VII,
1063 2559 1181 2610 179.)

503 2668 594 2695 NOTE
617 2660 676 2704 27,
701 2670 790 2696 met:
816 2660 905 2705 285,
930 2667 968 2694 ΝΟ
993 2660 1050 2694 49.

129 2740 181 2778 Le
199 2738 368 2792 Niedgau
383 2739 534 2790 (Pagus
547 2738 736 2786 Nitens-is,
755 2738 912 2785 Nicehe,
928 2739 975 2776 N
975 2737 1170 2789 t‘tlzagewe,
1185 2738 1393 2791 Nitigowe,
1407 2749 1478 2781 etc.

75 2811 343 2865 Nicahgaowe,
371 2811 464 2850 dans
492 2810 527 2849 le
551 2811 756 2849 manuscrit
779 2811 825 2849 de
845 2811 986 2859 Metz),
1013 2824 1106 2862 pays
1130 2810 1225 2849 situ&
1246 2826 1296 2849 au
1323 2812 1418 2850 nord
1435 2813 1481 2850 de

173 2891 226 2921 11.
1226 2872 1284 2919 25
