1979 3348
503 210 758 248 APPENDIX
793 211 1006 249 ALTERA.
1395 214 1468 250 159

54 295 117 336 A.
137 292 271 335 Gellii
287 294 473 333 noctium
493 293 765 334 Atticarum.
781 291 862 334 Sed
884 303 924 334 et
942 291 1013 333 alii
1033 291 1175 350 plures
1198 292 1239 333 in
1264 291 1466 350 praedicto

54 371 198 421 brevi,
222 384 355 427 quos⁷
380 369 412 410 si
443 370 558 411 Deus
583 369 696 428 apud
727 385 801 411 vos
823 369 931 410 mihi
960 370 1141 426 gratiam
1166 368 1355 421 dederit,
1380 370 1469 412 istis

53 448 251 499 remissis,
277 447 504 505 accipiens,
528 445 833 488 describendos
858 445 981 497 mihi,
1009 445 1112 487 dum
1136 446 1207 488 hic
1230 462 1323 488 sum
1339 481 1349 499 ,
1374 449 1466 490 avi·

51 524 220 566 dissime
257 539 405 566 curare
451 524 595 581 cupio.
636 524 875 565 Exonerate
899 555 910 574 ‚
948 539 1123 580 quaeso,
1165 524 1469 568 verecundiam

50 618 209 654 meam,
236 618 328 660 quae
362 600 555 660 supplico
589 600 793 642 facientes
813 633 823 652 ⁷
860 615 1012 658 meque
1046 601 1272 643 rimantem
1305 618 1469 644 amaras

49 679 283 722 litterarum
308 678 494 729 radices,
511 693 658 719 earum
672 677 762 735 jam
782 677 1108 734 jucundissimis
1136 678 1291 737 expleti
1309 679 1464 723 fructi-

47 756 157 808 bus,
192 755 265 798 illo
305 765 443 797 vestro
485 753 796 796 facundissimo
833 753 1005 812 eloquio
1049 755 1251 809 incitate3
1289 772 1384 814 quae
1433 759 1467 799 si

46 850 242 877 meruero
262 867 272 885 ‚
308 842 526 876 tantorum
571 832 884 875 beneficiorum
917 833 1081 890 gratia,
1116 833 1259 891 quoad
1292 835 1463 887 vixero,

45 927 210 971 semper
234 911 341 953 mihi
378 910 622 953 habebitur.
649 911 759 952 Nam
795 926 890 969 quae
924 926 999 953 vos
1037 926 1187 953 eorum
1226 912 1378 954 merito
1413 913 1465 954 sit

45 990 332 1033 remuneratio
364 999 562 1032 secutura
587 1004 674 1030 non
708 1004 815 1047 opus
842 999 903 1031 est
936 987 1094 1031 dicere.
1130 987 1323 1031 Plurima
1356 990 1464 1032 scri-

43 1067 182 1110 benda
210 1068 253 1109 in
286 1066 368 1109 alia
393 1082 511 1109 mens
536 1066 768 1125 suggessit,
800 1065 872 1108 sed
896 1076 1081 1109 vestrum
1106 1066 1329 1124 ingenium
1361 1068 1465 1109 meis

43 1146 212 1204 ineptiis
239 1145 350 1188 ultra
380 1145 588 1187 remorari
620 1160 706 1186 non
734 1143 891 1196 debui,
922 1143 1039 1203 quod
1064 1145 1151 1187 scio
1179 1144 1245 1187 vel
1279 1146 1463 1188 exterio—

42 1222 160 1265 ribus
191 1232 448 1282 occupatum
482 1221 763 1274 utilitatibus,
791 1221 855 1264 vel
889 1223 1002 1265 circa
1032 1223 1204 1265 intimas
1231 1233 1272 1266 et
1300 1222 1465 1267 abditas

42 1300 325 1359 philosophiae
352 1301 538 1343 rationes
563 1301 793 1342 intentum.

713 1426 776 1464 II.

97 1514 501 1557 Desiderantissimo
527 1515 780 1574 praeceptori
805 1513 1027 1556 Einhardo
1050 1515 1197 1573 Lupus
1214 1514 1466 1575 (1).—Mo-

39 1590 262 1633 lestissimo
300 1592 453 1633 nuntio
490 1590 541 1633 de
588 1606 760 1633 excessu
793 1590 1050 1633 venerabilis
1082 1601 1229 1634 vestrae
1265 1592 1465 1650 conjugis

39 1677 335 1710 consternatus
348 1702 358 1720 ‚
374 1668 603 1727 plusquam
617 1684 811 1727 unquam
823 1669 945 1710 vobis
960 1685 1076 1711 nunc
1091 1679 1283 1728 optarem
1301 1669 1461 1721 adesse.

37 1754 84 1786 ut
118 1754 299 1787 vestram
334 1745 579 1788 moestitiam
618 1745 685 1787 vel
718 1761 813 1787 mea
837 1746 1133 1804 compassione
1160 1746 1367 1800 levarem,
1397 1746 1464 1789 vel

38 1833 245 1882 concepto
265 1840 390 1866 sensu
409 1840 459 1866 ex
477 1823 634 1866 divinis
654 1823 853 1882 eloquiis,
874 1823 1046 1866 assiduo
1066 1840 1261 1867 sermone
1284 1825 1460 1868 solarer.

37 1900 198 1942 Verum
221 1900 359 1944 donec
393 1901 436 1944 id
470 1902 586 1944 Deus
611 1910 777 1960 praestet
808 1917 896 1943 esse
916 1900 1142 1960 possibile,
1176 1918 1360 1960 suggero
1392 1911 1462 1954 ut,

37 1991 246 2020 memores
270 1978 471 2021 humanae
505 1977 792 2029 conditionis,
823 1994 953 2036 quam
986 1979 1139 2021 merito
1167 1980 1331 2037 peccati
1360 1994 1464 2021 con-

37 2057 241 2100 traximus
256 2091 268 2111 ,
288 2058 458 2101 modice
479 2059 777 2118 sapienterque
795 2058 943 2102 feratis
975 2059 1094 2118 quod
1113 2059 1285 2104 accidit.
1313 2061 1463 2119 Neque

36 2134 151 2176 enim
167 2134 270 2177 huic
283 2134 524 2178 infortunio
543 2135 694 2178 cedere
713 2136 875 2179 debetis
888 2170 898 2189 ‚
919 2137 995 2196 qui
1012 2137 1309 2183 blandimenta
1327 2138 1464 2181 lenio-

36 2211 94 2253 ris
121 2210 307 2256 fortunae
337 2211 441 2256 forti
463 2229 629 2273 semper
658 2214 803 2257 animo
830 2213 1062 2257 devicistis.
1090 2215 1295 2258 Invocato
1318 2217 1463 2274 itaque

34 2288 150 2340 Deo,
177 2305 294 2332 nunc
320 2289 415 2334 illas
437 2290 675 2335 tolerantiae
698 2292 809 2334 vires
832 2294 1068 2351 expromite
1082 2326 1093 2346 ‚
1118 2293 1173 2336 ad
1195 2309 1301 2352 quas
1328 2294 1462 2336 caris-

38 2366 194 2409 simum
234 2367 470 2426 quemlibet
507 2385 608 2411 casu
651 2369 782 2412 simili
824 2368 1139 2429 deprehensum
1181 2370 1463 2430 probabiliter

37 2445 265 2487 vocaretis.
291 2445 405 2505 Opto
423 2462 498 2489 vos
518 2445 660 2490 valere
679 2446 880 2490 feliciter.

38 2569 1280 2579 —Q-—ww———m———Q

87 2641 137 2686 (ι)
162 2641 293 2688 Comp.
321 2649 416 2677 cette
449 2642 557 2679 lettre
574 2651 611 2679 et
635 2644 666 2679 la
689 2646 852 2681 suivante
879 2647 898 2680 a
918 2645 952 2680 la
970 2653 1079 2680 Lxxn‘
1102 2644 1212 2680 lettre
1235 2637 1462 2692 d'Eginhard

42 2713 102 2736 sur
119 2702 152 2737 le
170 2704 289 2740 meme
306 2705 412 2751 sujet.
434 2707 568 2751 Imma,
588 2719 623 2742 sa
640 2708 792 2752 femme,
819 2716 970 2744 mourut
990 2720 1070 2743 vers
1087 2707 1166 2743 836.
