2105 3348
599 322 676 359 372
892 312 1131 352 HISTORIA
1161 309 1577 355 TRANSLATIONIS‚
1608 323 1687 348 Ere.

600 396 821 460 quoniam
844 392 977 437 alitcr
1003 387 1250 435 commode
1277 387 1575 451 nequiverat,
1597 387 1644 431 in
1670 402 1784 431 nave
1808 404 1990 433 merca-

602 485 756 519 lorum
774 506 784 526 ,
810 470 888 533 qui
912 469 994 513 illo
1014 467 1070 512 ad
1094 466 1395 511 festivitatem
1419 463 1695 510 corumdem
1713 464 1993 509 Sanctorum

600 550 753 604 ibant,
782 547 968 592 advecta
994 554 1091 590 est:
1119 543 1342 606 venitque
1368 540 1481 586 illuc
1499 541 1553 585 ad
1568 539 1691 585 diem
1709 539 1990 597 natalitium,

597 636 734 689 atquc
760 622 824 668 ibi
853 639 932 685 spe
958 618 1290 683 recuperandae
1319 617 1479 662 salutis
1507 615 1781 680 aliquandiu
1815 625 1993 662 morata

597 712 680 747 cst.
711 699 798 746 Sed
828 697 909 743 ubi
938 697 1051 742 vidit
1078 695 1373 741 curationem
1404 711 1534 739 suam
1557 710 1651 739 essc
1673 692 1994 738 dilatam—et

596 796 753 825 revera
773 776 911 822 dilata
929 784 1046 829 erat,
1066 790 1163 819 non
1185 783 1374 835 negata;
1396 772 1502 835 quia
1532 789 1628 818 non
1655 769 1785 826 alibi,
1810 770 1887 816 sed
1905 769 1992 825 ibi,

594 872 747 919 neque
769 865 901 911 tunc,
920 850 998 898 sed
1014 851 1106 897 alio
1127 861 1339 913 tempore
1360 849 1460 894 fieri
1480 847 1875 893 debuit—statuit
1894 848 1996 894 Μο-

595 933 867 997 guntiacum
892 928 1145 993 proficisci.
1169 926 1284 972 Erat
1311 925 1438 972 enim
1458 926 1503 970 in
1529 925 1749 988 proximo
1770 924 1995 970 festivitas

596 1009 741 1054 sancti
768 1006 937 1053 Albani
963 1004 1180 1067 martyris
1195 1039 1207 1060 ‚
1237 1005 1367 1065 cujus
1386 1001 1509 1065 apud
1529 1001 1739 1048 eamdem
1764 1000 1930 1047 urbem
1949 1011 1995 1047 et

596 1085 784 1130 basilica
803 1093 845 1129 et
863 1079 1131 1145 percelebre
1147 1079 1484 1126 monasterium
1505 1089 1590 1124 est.
1605 1078 1712 1137 Quo
1726 1095 1832 1123 cum
1847 1078 1999 1124 venis-

595 1172 663 1208 set
681 1196 692 1215 ,
722 1169 768 1206 et
787 1157 910 1222 apud
929 1157 1206 1203 memoriam
1225 1156 1444 1217 Martyris
1461 1155 1533 1217 (a)
1549 1190 1562 1211 ,
1584 1172 1672 1218 pro
1695 1155 1999 1202 restitutione

595 1237 754 1283 salutis
783 1253 905 1292 suae,
932 1234 1140 1280 Domino
1169 1232 1495 1295 supplicasset,
1523 1230 1640 1277 vidit
1660 1248 1745 1295 per
1778 1248 2000 1294 soporem

593 1314 843 1379 quemdam
860 1314 1085 1375 juvenem
1103 1309 1326 1356 clericum
1344 1307 1432 1354 sibi
1450 1307 1759 1365 assistentem,
1781 1325 1831 1354 ac
1850 1325 2001 1356 novos

594 1392 770 1437 calceos
795 1406 938 1435 manu
967 1388 1200 1434 serentem
1215 1421 1229 1444 ‚
1259 1395 1400 1449 atque
1423 1395 1478 1430 ut
1497 1401 1576 1431 eos
1599 1385 1834 1448 acciperet
1869 1385 2005 1449 pedi-

596 1467 776 1531 busque
810 1465 1026 1511 indueret
1056 1464 1400 1526 imperantem:
1433 1480 1480 1509 se
1513 1479 1705 1527 quoque
1729 1463 1792 1508 ita
1819 1462 2001 1510 fecisse.

596 1545 737 1591 Illum
771 1542 940 1590 deinde
975 1541 1272 1605 praecepisse,
1307 1550 1361 1585 ut
1390 1538 1461 1585 his
1493 1540 1689 1586 calceata
1724 1540 1781 1586 ad
1813 1540 2001 1598 locum,

598 1621 722 1668 unde
746 1621 829 1667 illo
847 1629 1038 1667 venerat
1051 1655 1062 1674 ‚
1082 1627 1421 1673 reverteretur,
1451 1616 1610 1682 ibique
1633 1617 1887 1664 adventum
1904 1635 2006 1665 me-

601 1697 694 1743 dici
723 1695 1098 1759 praestolaretur,
1124 1693 1205 1758 qui
1231 1710 1333 1739 eam
1355 1703 1473 1739 esset
1502 1692 1673 1756 procul
1699 1692 1849 1739 dubio
1868 1711 2007 1740 sana-

607 1784 756 1819 turus.
779 1772 896 1831 Quae
920 1770 1002 1816 ubi
1024 1769 1286 1835 evigilavit,
1309 1769 1480 1815 visioni
1506 1768 1647 1815 fidem
1672 1769 2005 1827 accomodans,

605 1859 779 1914 quanta
803 1847 962 1911 potuit
981 1846 1218 1893 celeritate
1239 1846 1295 1891 ad
1314 1856 1589 1908 sanctorum
1604 1846 1866 1909 Martyrum
1881 1847 2009 1893 salu-

607 1926 741 1973 tifera
762 1925 924 1970 limina
951 1941 1133 1970 reversa
1151 1933 1241 1980 est;
1261 1940 1312 1968 ac
1327 1940 1411 1985 per
1436 1922 1554 1970 duos
1572 1940 1751 1969 menses
1777 1924 1825 1969 in
1845 1922 2010 1971 eodem

609 2004 716 2051 loco
742 2003 866 2048 inter
889 2001 1003 2047 alios
1026 2017 1252 2064 pauperes
1282 2009 1553 2047 conversata
1568 2035 1582 2057 ,
1616 1999 2011 2063 pollicitationem

609 2079 803 2126 visionis
819 2077 1173 2141 opperiebatur.
1186 2077 1307 2122 Cum
1322 2076 1532 2132 interim,
1547 2077 1670 2122 circa
1687 2076 1893 2123 medium
1914 2077 2012 2124 sere

611 2171 820 2202 mensem
833 2162 1103 2217 augustum,
1121 2152 1368 2199 Deusdona
1382 2152 1625 2209 diaconus,
1645 2153 1774 2215 cujus
1792 2153 1840 2198 in
1856 2153 2013 2215 primo

661 2324 713 2366 (a)
730 2320 845 2366 Apud
863 2321 1070 2353 memoriam
1088 2319 1125 2353 id
1144 2327 1197 2353 est
1221 2319 1317 2365 apud
1335 2319 1519 2354 tumulum
1537 2319 1590 2353 vel
1610 2319 1792 2366 reliquias.
1818 2320 1896 2355 Hoc
1916 2321 2014 2356 enim

616 2392 722 2415 sensu
741 2390 806 2412 vox
830 2379 1001 2411 memoria
1025 2376 1122 2422 apud
1140 2377 1201 2411 SS.
1228 2377 1351 2411 Patres
1378 2383 1414 2411 et
1441 2378 1633 2423 scriptores
1660 2377 1770 2412 medii
1799 2378 1859 2412 aevi
1889 2379 2015 2425 saepius

615 2445 823 2485 usurpatur.
835 2436 922 2484 —S.
940 2434 1112 2478 Albanus,
1134 2436 1270 2481 Magnae
1283 2435 1475 2470 Britannice
1494 2443 1754 2483 protomartyr,
1768 2437 1826 2471 die
1844 2438 2014 2484 vigesima

615 2499 731 2545 prima
759 2495 859 2531 Junii
892 2494 1087 2540 Moguntiae
1112 2493 1256 2528 colitur.
1284 2495 1366 2540 Ipso
1391 2494 1470 2529 loco
1496 2495 1556 2529 ubi
1584 2495 1627 2529 ab
1647 2496 1792 2530 Arianis
1811 2496 2014 2532 trucidatus

616 2558 744 2598 suerat,
767 2553 933 2588 sacellum
954 2551 1136 2599 quoddam
1151 2553 1207 2598 pia
1227 2564 1326 2586 mens
1344 2552 1505 2587 fidelium
1519 2554 1708 2588 edificavit.
1721 2555 1764 2589 In
1778 2555 1881 2600 cujus
1893 2555 2013 2591 locum

615 2613 874 2650 nobilissimam
894 2618 930 2646 et
944 2611 1150 2657 amplissam
1168 2611 1353 2646 ecclesiam
1371 2613 1498 2656 crexit,
1520 2625 1615 2648 anno
1632 2613 1772 2648 Christi
1791 2613 1870 2657 805,
1891 2615 2013 2649 Ricul-

613 2675 688 2717 sus,
712 2671 1002 2718 Moguutinensis
1027 2670 1333 2717 archiepiscopus,
1362 2678 1399 2706 ct
1416 2672 1521 2716 huic,
1552 2671 1692 2707 favente
1714 2672 1846 2707 Karolo
1866 2686 2010 2721 magno,

615 2732 873 2768 monasterium
889 2729 1028 2764 ordinis
1047 2730 1082 2765 S.
1103 2729 1287 2765 Benedicti
1305 2729 1481 2776 adjunxit.
1504 2731 1556 2766 De
1575 2743 1648 2778 quo
1667 2730 1796 2767 videsis
1810 2745 1890 2767 nov.
1912 2733 2003 2767 Gall

618 2793 765 2830 Christ„
785 2791 844 2835 V„
857 2788 937 2837 573.
