2105 3348
543 338 594 373 ΞΟ
972 330 1227 368 EINHARDI
1261 327 1532 366 EPISTOLAE.

541 415 658 482 quid
684 412 938 478 praedictus
964 411 1111 458 homo
1138 421 1301 458 noster
1328 409 1386 456 de
1412 409 1508 473 ipsa
1537 426 1616 454 sua
1643 426 1775 455 causa
1806 409 1959 455 facere

542 492 727 541 debeat.
757 490 883 554 Opto
909 500 962 535 ut
990 506 1175 553 semper
1204 488 1325 535 bene
1351 486 1543 533 valeatis
1572 487 1621 531 in
1647 486 1872 533 Domino.

544 644 635 682 XII.
655 644 719 681 AD
739 641 1094 680 LIUTHARDUM
1116 640 1494 679 PRESBYTERUM
1511 639 1576 678 ET
1598 639 1962 679 EREMBERTUM

1052 708 1450 747 VICEDOMINUM.

607 819 662 862 ln
682 814 856 862 Christi
884 815 958 878 (ι)
985 815 1198 870 nomine,
1228 814 1497 861 Einhardus
1521 814 1679 869 abbas,
1703 812 1965 860 Liuthardo

542 893 715 959 presby
724 905 825 941 tero
840 903 886 940 et
903 893 1190 940 Eremberto
1204 893 1523 950 vicedomino,
1540 892 1756 940 fidelibus
1771 892 1963 947 nostris,

542 973 591 1018 in
626 971 836 1019 Domino
868 970 1083 1017 salutem.
1123 999 1183 1006 —
1218 971 1399 1017 Notum
1441 971 1501 1016 sit
1538 970 1669 1018 vobis
1711 968 1839 1035 quod
1881 987 1967 1016 nos

543 1048 814 1096 willibaldo
848 1046 1158 1113 presbytero,
1194 1047 1347 1105 fideli,
1387 1058 1440 1094 ut
1472 1048 1730 1103 credimus,
1768 1058 1965 1101 nostro,

542 1129 814 1191 injunctum
848 1124 1074 1173 habemus
1112 1137 1166 1172 ut
1198 1144 1392 1173 censum
1430 1137 1650 1172 nostrum
1682 1125 1879 1189 recipiat
1911 1123 1969 1169 ab

542 1204 819 1252 hominihus
852 1204 1058 1260 nostris,
1095 1214 1189 1249 tam
1222 1204 1345 1267 apud
1378 1204 1426 1249 S.
1464 1204 1703 1249 Bavonem
1739 1220 1883 1267 quam
1922 1202 1970 1246 in

542 1282 798 1331 Blandinio
821 1283 1131 1329 monasterio.
1156 1283 1360 1346 Propter
1379 1281 1470 1328 hoc
1493 1282 1729 1328 mittimus
1754 1281 1889 1326 illum
1915 1278 1970 1325 ad

543 1379 653 1418 VOS,
687 1361 798 1426 quia
828 1360 1049 1406 volumus
1076 1371 1129 1406 ut
1154 1361 1193 1407 ei
1223 1359 1516 1423 adjutorium
1547 1359 1727 1405 faciatis
1752 1369 1805 1404 ut
1835 1375 1973 1405 eum-

544 1439 654 1486 dem
670 1455 863 1485 censum
880 1448 926 1485 et
943 1438 1149 1501 pleniter
1166 1448 1213 1484 et
1232 1438 1280 1483 in
1297 1436 1429 1483 bono
1447 1447 1649 1501 argento
1664 1435 1859 1499 recipiat
1874 1454 1884 1491 ;
1905 1445 1970 1489 et,

548 1535 658 1564 cum
675 1527 891 1581 receptus
909 1516 1076 1575 fuerit,
1094 1516 1315 1564 volumus
1335 1525 1388 1561 ut.
1405 1532 1488 1561 vos
1510 1515 1644 1561 illum
1662 1514 1718 1560 ad
1743 1513 1833 1560 hoc
1851 1513 1976 1576 adju-

548 1594 668 1640 vetis
692 1603 747 1638 ut
770 1609 878 1640 eum
899 1592 955 1638 ad
982 1609 1069 1639 nos
1094 1591 1305 1656 perferre
1331 1592 1481 1638 valeat
1507 1592 1599 1654 (2).
1628 1591 1755 1655 Opto
1780 1601 1835 1635 ut.
1860 1607 1976 1635 sem-

550 1690 636 1736 per
662 1670 783 1718 bene
803 1670 992 1717 valeatis
1017 1674 1067 1716 in
1091 1670 1317 1718 Domino.

865 1826 983 1865 XIII.
1018 1828 1083 1864 AD
1116 1825 1391 1865 POPPONEM
1422 1825 1677 1863 COMITEM.

621 1932 877 1997 Magnifieo
897 1942 940 1979 et
960 1931 1231 1979 honorabili
1252 1943 1393 1996 atque
1413 1931 1587 1978 illustri
1608 1931 1713 1976 viro
1731 1930 1947 1993 Popponi
1966 1965 1977 1984 ‚

556 2012 767 2078 glorioso
798 2011 992 2068 comiti,
1026 2009 1298 2057 Einhardus
1330 2010 1668 2074 sempiternam
1694 2009 1744 2054 in
1770 2007 1981 2055 Domino

559 2090 776 2136 salutem.
807 2116 868 2123 —·
895 2088 1088 2134 Dictum
1120 2098 1190 2133 est
1212 2087 1330 2132 mihi
1356 2086 1488 2151 quod
1516 2103 1591 2132 me
1619 2102 1825 2149 rogasses
1850 2094 1903 2129 ut
1926 2083 1982 2129 de

560 2165 716 2213 tribus
740 2164 956 2229 capitulis
981 2175 1026 2211 te
1051 2175 1237 2211 certum
1260 2164 1466 2210 facerem
1490 2184 1500 2208 ε
1528 2161 1658 2228 quod
1678 2162 1842 2227 utique
1864 2159 1980 2206 mihi

562 2243 620 2289 ad
655 2241 925 2289 faciendum
961 2242 1019 2287 de
1060 2259 1159 2288 uno
1199 2241 1394 2288 illorum
1432 2240 1618 2286 difficile
1659 2249 1754 2295 est,
1793 2238 1840 2284 id
1880 2248 1980 2292 est,

561 2319 739 2366 femina
754 2354 767 2376 ‚
792 2335 937 2382 quam
958 2329 1010 2363 tu
1033 2318 1202 2365 melius
1224 2336 1365 2382 quam
1387 2336 1473 2382 ego
1496 2318 1648 2375 nosti,
1677 2318 1712 2362 si
1737 2334 1761 2361 a
1789 2325 1834 2361 te
1849 2353 1860 2375 a
1885 2315 1984 2360 sine

565 2396 730 2460 culpa,
764 2395 814 2442 in
843 2395 1119 2460 conjugium
1150 2396 1298 2459 possit
1324 2395 1494 2441 assumi
1527 2395 1615 2458 (3).
1653 2393 1775 2441 Nam
1803 2391 1861 2439 de
1887 2392 1986 2439 dis-

565 2493 737 2540 pensa,
769 2491 914 2539 quam
942 2474 993 2520 in
1025 2473 1175 2538 Aquis
1206 2474 1474 2538 accepisti8‚
1503 2472 1684 2519 nullam
1708 2471 1819 2518 volo
1849 2470 1987 2516 aliam

615 2700 668 2744 (1)
692 2695 785 2733 Cod.
807 2697 845 2729 in
868 2694 1024 2729 Christo.

617 2768 668 2813 (¹2)
693 2764 947 2805 Hunclocum‚
969 2761 1148 2810 susdeque
1165 2762 1201 2796 in
1219 2761 1327 2796 editis
1348 2762 1547 2803 turbatum,
1566 2773 1585 2795 c
1604 2759 1728 2794 codice
1746 2758 1984 2792 restituimus

617 2833 667 2880 (5)
693 2833 785 2869 Cod.
808 2832 968 2867 adsumi.
