2105 3348
594 279 667 317 128
1015 269 1270 309 EINHARDI
1304 268 1571 306 EPISTOLAE.

593 355 927 407 transmisistis,
945 351 1121 414 pariter
1134 349 1301 395 ablatae
1317 358 1446 404 sunt,
1461 365 1569 412 quae
1583 365 1606 393 a
1622 348 1760 395 nobis
1776 347 1998 395 hactenus

587 434 722 479 nullo
745 430 888 477 modo
912 427 1108 490 reperiri
1141 435 1351 489 possunt.
1378 424 1682 488 Quapropter
1711 425 1828 489 ipsas
1860 443 1999 472 men-

588 526 713 555 suras
754 505 888 553 nobis
924 502 1252 560 transmittite,
1293 514 1364 559 et,
1408 513 1644 566 quantum
1675 503 1906 558 valemus,
1941 502 1998 549 de

587 596 742 631 vestro
777 582 970 629 servitio
1011 578 1251 627 elaborare
1284 578 1573 625 curabimus.
1608 579 1775 626 Valere
1812 580 1860 625 in
1900 580 1999 626 Do-

586 663 719 708 mino
739 670 939 707 vestram
965 657 1304 704 sublimitatem
1329 657 1508 721 jugiter
1532 666 1808 721 exoptamus
1830 657 1920 718 (1)

957 833 975 850 ¹*
997 830 1139 870 LXXI.
1171 831 1236 868 AD
1268 830 1634 868 HLOTHARIUM.

651 944 722 1006 (2)
742 940 964 1002 Quamvis
980 938 1238 985 certissime
1251 937 1440 984 credam
1455 938 1721 1001 piissimum
1735 937 1998 983 Dominum

583 1040 739 1069 mcum
776 1036 957 1082 semper
990 1033 1253 1063 memorem
1291 1034 1387 1063 esse
1423 1028 1742 1081 patronorum
1772 1033 1994 1072 suorum,

580 1100 958 1147 beatissimorum
980 1094 1155 1141 Christi
1177 1104 1447 1159 martyrum
1463 1131 1473 1148 ,
1495 1094 1759 1141 Marcellini
1781 1103 1827 1140 et
1846 1093 1992 1147 Petri,

578 1177 678 1242 qui,
697 1174 884 1222 occulto
904 1172 1195 1236 Deijudicio‚
1214 1173 1364 1218 Roma
1380 1170 1565 1224 relicta,
1583 1170 1639 1216 ad
1656 1170 1995 1217 exaltationem

577 1268 623 1303 et
655 1253 1004 1319 protectionem
1029 1251 1163 1315 regni
1196 1249 1367 1306 vestri,
1396 1249 1447 1295 in
1477 1250 1724 1295 Franciam
1746 1249 1819 1312 (3)
1847 1265 1995 1295 vene-

576 1342 713 1386 runt,
745 1341 816 1385 et,
845 1346 934 1392 pro
958 1345 1049 1392 qua
1073 1327 1234 1374 nescio
1257 1343 1418 1381 causa,
1445 1324 1569 1390 apud
1591 1343 1668 1372 me
1693 1335 1993 1388 peccatorem

575 1407 801 1473 hospitari
833 1406 1011 1471 dignati
1038 1415 1176 1461 sunt,
1207 1402 1324 1450 mihi
1362 1414 1521 1450 tamen
1552 1421 1723 1468 magna
1757 1401 1994 1448 incumbit

575 1486 820 1533 necessitas
846 1493 900 1529 ut
928 1500 1010 1529 vos
1041 1482 1098 1529 de
1128 1482 1276 1528 causis
1305 1482 1362 1527 ad
1387 1498 1555 1528 eorum.
1581 1479 1817 1528 honorem
1841 1480 1993 1544 perti-

574 1563 798 1611 uentibus
828 1561 998 1609 crebro
1023 1577 1384 1615 commoneam,
1413 1577 1473 1606 ne
1498 1558 1623 1606 forte
1649 1558 1916 1623 periculum
1939 1575 1991 1603 ac

618 1778 666 1822 (ι)
692 1776 778 1810 Post
794 1775 888 1809 hanc
903 1774 1093 1821 epistolam
1109 1773 1246 1820 legitur
1263 1773 1302 1807 in
1319 1771 1445 1806 codice
1465 1783 1620 1805 Expmcn·
1637 1783 1699 1805 nso
1719 1783 1862 1806 ennias
1882 1783 1986 1805 AMEN.

571 1839 653 1883 Qua
670 1835 825 1871 formula
836 1863 844 1878 ‚
865 1834 998 1869 litteris
1009 1833 1217 1880 majusculis
1231 1839 1388 1875 exarata,
1404 1831 1520 1866 libelli
1533 1832 1735 1879 exscriptor
1752 1831 1989 1878 epistolarum

569 1894 745 1930 Einhardi
774 1894 900 1936 finem,
932 1905 1012 1927 meo
1043 1891 1194 1940 quidem
1221 1891 1377 1938 judicio,
1408 1890 1572 1925 indicare
1597 1890 1724 1925 voluit.
1752 1891 1806 1925 De
1832 1901 1988 1937 sequen-

568 1955 665 1990 tibus
683 1965 766 1988 vero
786 1953 824 1987 in
841 1952 965 1987 codice
984 1951 1164 1999 epistolis,
1187 1962 1248 1986 sex
1270 1962 1443 1993 numero,
1464 1956 1501 1984 et
1523 1949 1561 1983 in
1580 1949 1700 1984 tribus
1718 1949 1835 1992 foliis,
1858 1948 1987 1983 codem

567 2023 749 2062 tempore,
787 2013 987 2061 eademque
1019 2025 1060 2047 ac
1093 2011 1337 2059 praecedentes
1371 2023 1501 2052 manU,
1539 2011 1593 2045 uti
1622 2010 1779 2053 videtur,
1806 2010 1961 2045 exaratis
1976 2038 1984 2053 ‚

567 2085 668 2121 quas,
693 2073 746 2108 vel
766 2073 888 2119 potius
913 2071 1098 2119 quidquid
1114 2083 1241 2106 earum
1266 2070 1388 2116 legere
1405 2069 1457 2103 sas
1474 2068 1565 2111 suit,
1594 2068 1706 2111 infra,
1729 2069 1767 2102 in
1784 2067 1986 2115 appendice

566 2134 683 2180 prima
708 2132 933 2175 recudimus,
964 2130 1047 2166 vide
1075 2144 1095 2166 e
1127 2130 1278 2178 regione
1303 2136 1429 2164 notam
1462 2128 1627 2175 gallicam
1655 2135 1692 2162 et
1725 2127 1985 2175 prolegomena

568 2199 703 2227 nostra.

611 2254 662 2298 (9.)
688 2253 789 2287 Hauc
806 2252 995 2298 epistolam
1010 2251 1188 2294 attendas,
1206 2262 1338 2298 quaeso,
1354 2261 1397 2284 ex
1414 2249 1536 2291 unico,
1552 2248 1683 2295 utjam
1697 2247 1857 2282 diximus
1871 2261 1906 2294 p.
1920 2247 1978 2291 56,

565 2325 601 2347 n.
628 2326 655 2355 1,
672 2312 852 2359 deperditi
872 2312 1058 2358 cujusdam
1077 2312 1212 2346 codicis
1229 2310 1317 2346 folio
1333 2310 1496 2357 primum
1512 2316 1667 2352 erutam,
1690 2320 1768 2356 quae
1786 2307 1890 2342 nobis
1908 2308 1982 2343 ele-

565 2372 773 2419 gantissime
792 2373 924 2418 scripta
941 2372 1011 2406 visa
1033 2372 1111 2415 suit,
1129 2384 1246 2420 neque
1260 2372 1337 2405 sine
1350 2369 1507 2417 quadam
1527 2382 1609 2405 vera
1624 2369 1846 2417 eloquentia,
1868 2369 1981 2403 immo

561 2434 600 2468 in
623 2445 693 2481 qua
714 2431 827 2474 nihil,
850 2431 949 2478 quod
973 2431 1018 2465 acl
1040 2432 1311 2478 grammaticam
1329 2431 1474 2473 attinet,
1493 2430 1741 2478 delinquitur;
1759 2436 1818 2471 ut,
1842 2429 1871 2464 si
1890 2429 1981 2477 quid

562 2493 692 2539 passim
712 2492 815 2527 nobis
833 2490 1102 2525 immutandum
1117 2504 1193 2527 esse
1210 2492 1328 2526 visum
1347 2498 1401 2526 est
1418 2490 1465 2525 ad
1482 2502 1680 2538 perpaucas
1698 2503 1802 2526 voces
1817 2490 1864 2525 ad
1880 2502 1979 2536 purae

559 2551 750 2587 latinitatis
768 2550 1071 2597 orthographiam
1090 2550 1334 2594 reducendas,
1356 2552 1428 2586 hoc
1444 2551 1520 2586 fere
1543 2550 1680 2585 nullius
1708 2551 1884 2586 momenti
1903 2562 1978 2585 esse

560 2612 771 2648 dixerimus.

605 2670 656 2716 (5)
681 2669 725 2705 Id
738 2676 793 2705 est
809 2669 846 2704 in
859 2668 1051 2704 Franciam
1064 2668 1277 2703 orientalem
1288 2697 1297 2714 ,
1310 2677 1411 2705 trans
1423 2669 1618 2713 Rhenum3
1634 2669 1679 2704 de
1698 2669 1848 2717 regione
1864 2681 1976 2716 quam

560 2728 784 2771 Einhardus,
804 2735 842 2763 et
859 2727 1023 2774 ejusdem
1041 2727 1102 2761 aevi
1120 2728 1334 2775 scriptores,
1354 2729 1421 2764 sub
1440 2730 1509 2764 hoc
1522 2729 1673 2763 nomine
1692 2729 1853 2763 Francia
1877 2727 1974 2762 desi-

562 2799 672 2833 gnare
691 2786 825 2828 solent,
847 2785 977 2820 videsis
993 2786 1029 2819 in
1050 2785 1163 2831 priori
1185 2785 1368 2822 volumine
1382 2800 1417 2834 p.
1441 2785 1526 2831 243,
1548 2800 1585 2821 n.
1606 2798 1638 2820 2.
