2105 3348
603 272 678 307 268
898 265 1140 303 HISTORIA
1171 264 1595 313 TRANSLATIONIS,
1629 281 1708 305 ere.

602 348 658 394 de
684 348 822 409 longe
842 354 1067 390 venerant
1087 379 1099 400 ‚
1123 353 1168 390 et
1196 342 1252 388 ad
1281 360 1360 388 sua
1385 343 1540 390 redire
1562 344 1876 401 festinabant,
1904 345 2008 393 hos-

604 426 679 469 iiae
700 422 912 468 salutaris
926 431 1211 468 sacramenta
1229 420 1481 486 presbyter
1498 440 1555 468 ex
1571 439 1704 470 more
1724 423 2009 484 celebraret,

599 516 757 546 eoram
783 496 1005 544 omnibus
1029 499 1110 562 qui
1137 498 1357 554 aderant,
1388 498 1436 543 in
1467 498 1796 562 pavimentum
1814 500 1982 546 cecidit
1999 537 2010 557 ,

597 576 756 641 ibique
795 593 942 640 parvo
973 577 1202 641 temporis
1226 577 1376 641 spatio
1397 576 1528 622 velut
1559 588 1808 641 soporatus
1836 580 2010 642 jacuit3

596 655 703 701 dein
722 690 735 711 ,
763 654 894 720 quasi
919 653 975 700 de
1002 671 1172 701 somno
1193 654 1572 719 expergefaetus,
1597 655 1789 703 nemine
1823 673 1869 701 se.
1901 655 2016 702 sub-

601 733 808 788 levante,
838 732 1060 778 surrexit.
1088 732 1305 798 Cumque
1346 750 1470 779 unus
1505 751 1559 779 ex
1599 733 2016 781 circumstantibus

596 809 790 856 baculos
807 845 819 865 ,
849 808 1023 874 quibus
1042 820 1151 857 ante
1177 811 1247 855 uti
1274 809 1479 865 solebat,
1505 821 1552 857 et
1569 846 1582 867 ,
1607 827 1716 857 cum
1736 810 1941 868 caderet,
1962 812 2018 860 de

596 886 814 933 manibus
842 890 939 951 ejus
974 887 1115 951 elapsi
1144 889 1315 951 procul
1336 888 1586 952 jacebant,
1613 901 1851 947 sumeret,
1882 891 2019 955 eique

598 965 884 1029 porrigeret,
902 966 1082 1023 renuit,
1100 965 1261 1012 dicens
1280 987 1288 1012 :
1317 987 1338 1010 (t
1359 965 1496 1012 Absit
1513 984 1536 1012 a
1554 984 1647 1024 me,
1665 977 1718 1012 ut
1729 985 1807 1015 eos
1821 968 2019 1015 ulterius

599 1044 846 1108 attingam.
866 1063 889 1086 »
913 1042 1003 1090 Sed
1026 1053 1071 1089 et
1093 1044 1179 1090 iste
1198 1043 1253 1090 ad
1272 1044 1399 1090 hunc
1423 1044 1620 1092 modum
1637 1056 1848 1104 curatus,
1872 1047 1921 1092 in
1937 1064 2020 1110 pa—

602 1121 742 1166 triam
758 1121 1025 1184 repedavit,
1047 1121 1104 1168 de
1128 1139 1216 1186 qua
1233 1158 1245 1177 ,
1273 1123 1506 1186 reptando
1535 1124 1695 1186 potius
1719 1142 1863 1189 quam
1890 1126 2022 1172 ince-

601 1197 780 1253 dendo,
809 1197 866 1245 ad
883 1200 1150 1261 Martyrum
1175 1199 1337 1245 limina
1363 1209 1661 1263 pervenerat.

671 1436 750 1482 44.
790 1435 888 1482 Nec
912 1437 1067 1483 multo
1092 1446 1224 1500 post,
1254 1455 1362 1484 eum
1390 1454 1479 1503 ego
1513 1455 1675 1486 mense
1705 1437 1990 1487 novembrio
2008 1475 2018 1494 ‚

604 1512 863 1559 secundum
900 1514 1297 1562 consuetudinem
1330 1516 1378 1562 in
1414 1516 1591 1580 palatio
1625 1516 1946 1576 hiematurus,
1968 1517 2023 1563 ad

604 1593 885 1639 comitatum
922 1593 990 1640 ire
1021 1593 1351 1657 disponerem3
1393 1597 1586 1660 jamque
1625 1596 1716 1642 iter
1757 1595 1991 1660 ingressus
2008 1632 2021 1653 ,

607 1670 880 1718 transmisso
908 1670 1109 1718 flumine
1125 1673 1309 1731 Hreno,
1333 1673 1381 1717 in
1408 1672 1569 1718 villam
1593 1674 1791 1737 regiam,
1820 1673 1894 1718 cui
1918 1673 2024 1719 Sin-

604 1748 756 1793 ciacus
775 1747 1062 1796 vocabulum
1088 1760 1184 1806 est,
1204 1750 1261 1796 ad
1279 1750 1569 1797 manendum
1589 1751 1804 1798 venirem
1816 1770 1830 1808 ;
1853 1761 1900 1798 et
1918 1761 2026 1816 post

604 1841 812 1883 coenam,
850 1844 958 1890 quae
982 1827 1190 1892 aliquam
1213 1828 1368 1874 noctis
1394 1838 1576 1893 partem
1609 1840 1942 1893 occupaverat,
1975 1830 2025 1875 in

605 1902 811 1949 cubiculi
836 1914 1098 1961 secretum,
1127 1903 1210 1950 ubi
1233 1906 1484 1970 quieturus
1507 1924 1661 1963 eram,
1686 1924 1797 1952 cum
1823 1906 2027 1952 familia-

602 1979 735 2026 ribus
752 1981 872 2028 meis
890 1999 967 2029 me
986 1982 1265 2047 recepissem
1283 2002 1296 2040 3
1318 1984 1538 2031 minister
1572 1985 1654 2050 qui
1691 1995 1863 2048 potum
1886 1983 2026 2032 nobis

602 2058 849 2123 porrigere
866 2058 1065 2117 solebat,
1081 2061 1212 2125 quasi
1227 2062 1341 2108 novi
1354 2062 1535 2127 aliquid
1550 2063 1878 2120 nuntiaturus,
1899 2062 2027 2109 festi-

604 2147 776 2183 nanter
791 2137 1005 2183 intravit.
1022 2138 1175 2198 Quem
1189 2157 1275 2203 ego
1289 2139 1518 2186 intuitus:
1540 2140 1698 2200 «Quid
1714 2150 1784 2197 tu,
1809 2142 2024 2206 inquam,

605 2230 798 2259 narrare
823 2212 926 2259 vis?
945 2215 1067 2260 Nam
1097 2227 1151 2262 ut
1177 2216 1340 2271 video,
1364 2217 1507 2263 habes
1527 2218 1687 2265 nescio
1713 2218 1829 2283 quid
1846 2254 1859 2275 ,
1897 2219 2027 2283 quod

603 2290 659 2335 ad
672 2301 884 2337 nostram
895 2292 964 2336 vis
976 2292 1188 2355 perferre
1201 2294 1443 2340 notitiam.
1464 2296 1685 2340 »—-Tum
1697 2295 1800 2341 ille:
1821 2296 2023 2360 «Signa,

605 2366 786 2430 inquit,
813 2366 909 2413 duo
929 2385 1090 2414 coram
1114 2367 1254 2416 nobis
1273 2369 1418 2418 modo
1443 2369 1567 2416 faeta
1599 2382 1738 2427 sunt,
1768 2389 1876 2436 quae
1892 2371 2026 2418 vobis

607 2441 815 2490 indicare
832 2444 958 2490 veni.
987 2465 1009 2488 »
1035 2445 1250 2511 Cumque
1271 2464 1400 2503 eum,
1422 2447 1656 2512 quidquid
1677 2449 1845 2508 vellet,
1871 2450 2026 2496 dicere

599 2521 862 2583 jussissem:
884 2543 906 2564 α
924 2523 1087 2579 Modo,
1109 2524 1190 2578 ait,
1214 2542 1322 2570 cum
1333 2525 1390 2572 de
1410 2543 1552 2572 coena
1569 2537 1814 2589 surgentes
1829 2526 1921 2575 hoc
1940 2543 2026 2572 cu-

606 2597 817 2644 biculum
844 2600 1073 2654 intrastis,
1092 2617 1177 2665 ego
1197 2618 1306 2647 cum
1325 2603 1462 2648 sociis
1482 2603 1598 2650 meis
1621 2603 1841 2649 descendi
1867 2604 1916 2649 in
1937 2603 2026 2650 cel-

606 2677 801 2734 larium,
830 2679 959 2742 quod
987 2678 1095 2726 huic
1122 2681 1369 2728 coenaculo
1396 2681 1663 2745 subjectum
1689 2693 1773 2728 est.
1795 2682 1887 2729 Ubi
1916 2699 2025 2727 cum

603 2757 843 2802 cervisiam
870 2758 1100 2803 ministris
1114 2759 1384 2821 petentibus
1397 2759 1683 2807 distribuere
1698 2761 2017 2824 coepissemus,
