2105 3348
555 305 577 342 4
983 306 1231 345 EINHARDI
1266 307 1537 346 EPISTOLAE.

549 386 766 450 largitate
792 386 1104 433 dominorum
1127 398 1430 444 nostrorum,
1458 387 1662 453 aliquam
1685 392 1968 438 consolatio-

550 480 683 518 nem,
724 464 934 509 Domino
970 463 1245 526 adjuvante,
1278 465 1431 512 facere
1465 468 1775 530 potuerimus.
1811 469 1971 516 Habe-

547 540 659 586 bitis
686 558 760 586 me
786 542 929 605 magis
955 554 1235 606 promptum
1262 556 1402 608 atque
1427 543 1651 591 devotum
1681 546 1737 592 ad
1768 559 1968 594 vestram

550 618 845 664 voluntatem
890 629 1032 683 atque
1070 620 1327 667 utilitatem
1363 622 1730 685 perficiendam,
1772 626 1807 670 si
1845 642 1968 671 meas

546 695 800 757 petitiones
842 697 886 741 in
932 695 1017 742 hac
1055 714 1189 744 causa
1225 699 1484 763 adimplere
1522 700 1803 765 dignamini.
1842 702 1968 765 Opto

544 789 729 835 semper
754 773 875 819 bene
898 773 1088 821 valeatis
1114 777 1162 822 in
1189 777 1418 823 Domino.

858 930 912 967 ΙΙ.
946 932 1013 968 ΑΒ
1045 931 1362 970 GOZBERTUM
1394 933 1650 972 ABBATEM.

601 1036 838 1100 Religioso
853 1036 1027 1083 Christi
1045 1038 1225 1086 famulo
1240 1039 1498 1092 Gozberto,
1513 1039 1768 1085 venerabili
1783 1038 1961 1096 abbati,

540 1113 808 1161 Einhardus
834 1116 910 1179 (ι)
935 1127 1174 1180 peccator.
1199 1147 1261 1154 —
1284 1119 1458 1165 Precor
1486 1129 1540 1163 ut
1570 1117 1789 1163 sanctitas
1813 1128 1962 1163 vestra

542 1209 827 1256 cognoscere
850 1193 1076 1257 dignetur
1102 1195 1158 1242 de
1185 1213 1319 1241 causa
1347 1195 1554 1242 hominis
1580 1195 1736 1250 istius,
1768 1195 1965 1241 nomine

539 1270 770 1327 Bebonis‚
801 1272 931 1336 quod
954 1290 1041 1337 ego
1066 1272 1353 1320 beneficium
1376 1274 1443 1319 illi
1468 1273 1573 1320 dedi
1595 1274 1652 1320 de
1673 1273 1966 1320 monasterio

540 1348 588 1394 S.
619 1348 943 1397 chlodowaldi
967 1352 1065 1414 (2),
1101 1363 1300 1415 propter
1330 1350 1421 1399 hoc
1452 1352 1533 1416 qui
1565 1350 1682 1397 mihi
1707 1350 1829 1398 bene
1859 1369 1964 1397 ser-

538 1425 713 1473 viebat.
760 1428 852 1474 Sed
886 1439 1140 1494 postquam
1174 1447 1284 1476 eum
1318 1429 1500 1476 domno
1534 1429 1785 1477 Hlothario
1829 1446 1966 1476 com-

537 1503 756 1550 mendavi
779 1506 872 1568 (5),
891 1506 1138 1570 impetravi
1160 1526 1184 1553 a
1205 1508 1387 1554 domno
1403 1507 1690 1571 imperatore
1707 1517 1762 1553 ut
1786 1507 1827 1554 ei
1852 1524 1965 1553 con-

540 1582 862 1631 firmationem
901 1584 1080 1632 faceret
1110 1585 1168 1633 de
1192 1585 1360 1632 eodem
1383 1584 1618 1632 beneficio
1643 1585 1699 1631 ad
1733 1584 1829 1631 dies
1853 1584 1966 1631 vitae

539 1676 636 1705 suae
675 1661 764 1722 (4).
806 1661 1010 1726 Propter
1051 1661 1140 1709 hoc
1178 1679 1298 1728 rogo
1340 1673 1387 1709 et
1422 1661 1622 1709 obsecro
1659 1660 1965 1708 dilectionem

538 1747 746 1783 vestram
769 1755 828 1784 ne
853 1738 919 1784 illi
942 1740 1229 1802 permittatis
1249 1738 1428 1805 aliquid
1448 1739 1844 1803 impedimentum
1863 1737 1964 1784 fieri

539 1812 596 1860 de
617 1814 720 1878 ipso
738 1814 992 1872 beneficio,
1015 1817 1167 1864 donec
1192 1835 1304 1874 nos,
1333 1817 1544 1864 Domino
1567 1816 1785 1872 volente,
1808 1814 1966 1861 vobis-

540 1909 651 1938 cum
670 1892 942 1957 loquamur.
966 1895 1079 1940 Haec
1100 1896 1204 1943 ideo
1223 1894 1360 1943 vobis
1379 1895 1580 1952 mando,
1600 1895 1709 1960 quia
1729 1909 1967 1958 cognosco

539 1971 860 2035 quorumdam
888 1971 1144 2020 hominum
1174 1991 1370 2037 pravam
1398 1972 1698 2019 voluntatem
1723 1981 1770 2019 et
1802 1970 1969 2017 infini-

539 2057 636 2092 tam
671 2048 1006 2111 cupiditatem,
1043 2051 1125 2115 qui
1163 2049 1220 2096 de
1260 2049 1598 2114 proximorum
1630 2049 1814 2094 damnis
1851 2046 1966 2093 nul-

586 2197 638 2243 (1)
664 2197 845 2233 Einhardi
864 2211 999 2234 nomen
1027 2212 1099 2233 una
1116 2199 1238 2234 littera
1260 2199 1392 2234 initiali
1411 2200 1450 2235 E
1468 2199 1505 2234 in
1529 2206 1653 2234 nostro
1675 2199 1801 2234 codice
1824 2211 1966 2246 semper

540 2253 768 2302 designatur.
785 2257 840 2292 De
854 2258 962 2292 variis
976 2257 1128 2304 hujusce
1146 2258 1306 2293 nominis
1320 2258 1450 2305 figuris
1465 2257 1547 2293 vide
1564 2258 1771 2306 Prolegom.
1787 2264 1823 2292 et
1839 2264 1912 2292 not.
1930 2269 1962 2296 2,

539 2327 574 2361 p.
596 2314 663 2358 264
683 2316 818 2363 prioris
838 2317 1015 2352 volumin.

587 2375 638 2419 (2)
663 2375 755 2410 Cod.
778 2375 1048 2411 Clzodouualdi.

587 2432 638 2480 (5)
664 2434 878 2470 Notandum
894 2443 949 2472 est
962 2436 1059 2470 hanc
1075 2448 1200 2471 vocem
1215 2435 1345 2471 eodem
1358 2436 1433 2471 fere
1447 2448 1554 2471 sensu
1568 2435 1614 2471 ab
1630 2435 1791 2484 antiquis
1811 2445 1963 2480 usurpa-

539 2499 614 2527 tam
631 2493 742 2529 fuisse
756 2522 765 2539 ‚
789 2495 840 2530 sic
859 2495 959 2543 apud
978 2496 1197 2531 Terentium
1215 2496 1316 2531 Eun.
1339 2496 1388 2539 V,
1411 2496 1452 2540 8,
1471 2508 1493 2543 9
1511 2512 1517 2529 :

716 2569 806 2599 Thais
816 2571 900 2610 patr'i
912 2581 946 2600 se
960 2570 1176 2600 commendavit
1190 2572 1220 2600 in
1233 2570 1401 2600 clientelam
1419 2570 1561 2611 etfidem.

591 2645 643 2690 (4)
667 2644 761 2680 Cod.
782 2648 852 2680 vite
865 2658 971 2690 suae,
993 2653 1031 2681 et
1050 2647 1102 2681 sic
1118 2645 1292 2694 deinceps
1307 2646 1558 2694 diphtongum
1576 2658 1627 2689 ιε,
1652 2651 1732 2680 tum
1746 2644 1966 2692 disjunctam

538 2715 562 2736 a
583 2715 601 2737 e
614 2731 623 2747 ‚
644 2710 726 2739 tum
742 2717 809 2751 per
828 2718 940 2740 unam
956 2705 1120 2741 litteram
1142 2719 1177 2750 e,
1205 2718 1411 2753 expressam
1435 2706 1598 2741 invenias
1611 2733 1620 2748 ‚
1643 2712 1724 2740 tum
1748 2704 1859 2740 etiam
1877 2714 1967 2737 con-

531 2762 712 2807 junctam,
734 2776 846 2812 quem
861 2765 1045 2801 scribendi
1065 2765 1218 2800 modum
1233 2766 1489 2813 usurpavimus
1502 2772 1541 2801 ut
1553 2765 1673 2812 ,magis
1689 2763 1787 2810 apud
1806 2773 1872 2798 nos
1890 2762 1965 2796 usi-

535 2826 666 2856 tatum.
691 2823 769 2857 Hoc
789 2823 899 2859 semel
918 2823 1050 2860 dixisse
1069 2825 1115 2860 sit
1135 2825 1232 2859 satis.
