2105 3348
646 310 723 347 302
942 305 1185 343 HISTORIA
1215 305 1633 354 TRANSLATIONIS,
1663 323 1740 348 mc,

643 388 729 432 bus
755 383 1105 431 necessitatibus
1127 385 1300 430 nostris
1323 385 1540 448 adjuvare
1564 397 1609 433 et
1633 389 1864 435 consolari
1887 389 2043 456 digna-

645 475 717 507 tus
742 472 825 507 est.

705 620 783 664 58.
824 616 1118 680 Quamquam
1141 617 1300 662 omnia
1327 633 1492 681 magna
1517 618 1639 673 sint,
1677 629 1723 663 et
1753 617 1810 663 ad
1839 616 2045 664 divinam

638 695 842 742 debeant
876 694 1041 741 referri
1077 695 1366 758 potentiam,
1403 713 1509 759 quae
1542 705 1741 759 propter
1770 696 2044 744 mortalium

638 772 835 817 salutem
861 788 915 817 ex
946 771 1127 816 meritis
1152 769 1400 817 beatorum
1426 771 1692 836 Martyrum
1718 783 1843 836 gesta
1869 789 2047 836 cogno-

635 850 816 904 vimus,
846 849 894 894 in
921 865 976 896 eo
1009 859 1164 895 tamen
1196 848 1453 904 miraculo,
1483 848 1612 913 quod
1648 865 1779 894 nunc
1803 849 2046 896 memoriae

637 925 857 972 mandare
880 925 1089 983 decrevi,
1119 937 1213 972 tam
1236 936 1455 990 patenter
1477 927 1562 973 Dei
1589 927 1932 990 omnipotentis
1951 927 2048 972 vir-

636 1014 710 1049 tus
740 1004 861 1050 clare
892 1004 1213 1068 cognoscitur,
1249 1014 1303 1048 ut
1343 1002 1458 1048 nulli
1493 1002 1690 1049 dubium
1728 1004 2045 1068 relinquatur,

634 1082 751 1145 quin
780 1082 827 1127 in
851 1081 982 1127 omni
1009 1093 1223 1128 creatura
1249 1099 1327 1127 sua
1350 1080 1582 1145 quidquid
1601 1082 1806 1128 voluerit
1824 1081 2047 1127 facillime

635 1160 782 1221 possit
808 1159 1003 1205 efficere.

697 1314 962 1379 Suntiligua
993 1315 1168 1361 dicitur
1191 1316 1298 1361 villa
1326 1317 1373 1362 in
1396 1334 1514 1381 pago
1541 1317 1851 1383 Nithagowe,
1884 1319 1929 1364 iu
1955 1337 2044 1384 qua

630 1391 881 1457 presbyter
905 1392 1120 1456 quidam,
1143 1393 1339 1439 nomine
1356 1392 1672 1450 waltbertus,
1695 1393 1884 1441 tenebat
1903 1395 2047 1441 eccle·

629 1470 760 1515 siam.
802 1469 843 1514 ls
867 1479 1028 1515 mente
1059 1481 1250 1533 captus,
1284 1488 1458 1534 magno
1492 1489 1688 1517 suorum
1718 1489 1957 1530 moerore,
1990 1473 2046 1518 ad

628 1546 866 1592 basilicam
888 1547 1158 1610 Martyrum
1176 1545 1404 1592 adductus
1422 1557 1501 1593 est.
1521 1548 1594 1593 Ex
1612 1548 1784 1612 quibus
1802 1559 1893 1596 tres
1912 1560 2046 1596 erant

628 1624 797 1670 fratres
818 1625 940 1687 ejus,
965 1641 1087 1669 unus
1112 1622 1361 1688 presbyter
1382 1634 1428 1670 et
1453 1624 1548 1671 duo
1574 1625 1677 1671 laici
1692 1645 1704 1682 ;
1729 1638 1925 1691 quartus
1946 1636 2046 1673 erat

629 1699 915 1757 monachus,
948 1701 1249 1765 propinquus
1283 1701 1451 1764 ipsiuS,
1478 1701 1533 1748 de
1555 1704 1845 1750 monasterio
1870 1704 2044 1750 Horu—

628 1779 773 1834 bach,
810 1779 857 1824 in
887 1795 985 1843 quo
1018 1789 1062 1825 et
1098 1779 1194 1842 ipse
1222 1778 1474 1843 presbyter
1500 1798 1523 1824 a
1554 1798 1693 1843 parva
1727 1790 1860 1827 {etate
1890 1780 2045 1827 fuerat

629 1855 868 1902 educatus.
898 1854 937 1899 A
959 1853 1133 1918 quibus
1159 1872 1268 1901 cum
1292 1856 1611 1920 requirerem,
1636 1857 1669 1902 si
1692 1856 1842 1903 adhuc
1866 1857 2044 1922 aliquid

625 1930 819 1978 medelae
848 1948 870 1976 a
901 1929 1120 1995 quolibet
1154 1931 1337 1978 medico
1364 1931 1513 1978 eidem
1544 1932 1708 1979 fuisset
1740 1933 2042 1997 impensum?

627 2029 649 2053 «
674 2010 871 2065 Statim,
901 2009 1152 2073 inquiunt,
1183 2025 1289 2055 cum
1317 2027 1424 2056 eum
1450 2009 1534 2056 hac
1562 2011 1778 2074 passione
1802 2011 2042 2074 comperi-

623 2104 728 2132 mus
743 2086 884 2132 fuisse
904 2097 1198 2150 correptum,
1226 2087 1280 2132 ad
1308 2088 1648 2134 monasterium
1665 2089 1739 2143 ,in
1760 2105 1857 2153 quo
1881 2089 2038 2134 nutri-

626 2174 698 2208 tus
722 2162 837 2218 fuit,
865 2181 887 2208 a
915 2161 1054 2209 nobis
1079 2163 1306 2210 adductus
1332 2175 1417 2210 est.
1443 2165 1537 2211 Ubi
1563 2183 1669 2211 cum
1696 2167 1735 2212 ei
1765 2165 1931 2213 medici
1962 2182 2038 2212 se—

624 2241 831 2286 cundum
857 2241 969 2286 artis
992 2258 1089 2287 suae
1114 2242 1332 2303 peritiam
1355 2242 1505 2288 multa
1523 2243 1772 2299 fecissent,
1796 2261 1881 2289 nec
1905 2261 2037 2289 mor-

622 2317 737 2362 bum
754 2316 812 2362 ab
831 2335 885 2364 eo
905 2317 1140 2380 depellere
1157 2319 1451 2381 potuissent,
1475 2332 1723 2367 suaserunt
1742 2321 1880 2368 nobis
1897 2321 2032 2367 amici

626 2395 803 2449 nostri,
830 2404 882 2438 ut
914 2410 1022 2439 eum
1052 2394 1107 2440 ad
1142 2393 1313 2442 horum
1347 2396 1630 2444 Sanctorum
1661 2399 2032 2446 misericordiam

621 2472 899 2518 duceremus
922 2492 931 2517 :
955 2470 1238 2518 confidimus
1263 2474 1390 2519 enim
1413 2474 1543 2538 quod
1567 2475 1703 2521 illum
1727 2476 1902 2523 salvare
1925 2493 2032 2540 pos-

620 2551 740 2605 sint,
762 2549 883 2594 sicut
902 2549 1016 2596 alios
1036 2549 1212 2596 multos
1232 2552 1495 2614 accepimus
1516 2551 1591 2598 hic
1609 2552 1751 2600 fuisse
1769 2554 1982 2601 salvatos.
2005 2574 2026 2597 υ

620 2629 732 2674 Post
758 2625 858 2672 haec
885 2625 1093 2690 hospitio
1116 2628 1291 2690 recepti
1314 2664 1327 2685 ,
1354 2640 1560 2692 quatuor
1588 2628 1753 2677 diebus
1779 2630 1911 2678 fuere
1935 2647 2027 2678 no-

619 2704 826 2761 biscum,
850 2704 1074 2751 ducentes
1094 2722 1201 2752 eum
1221 2705 1436 2769 quotidie
1453 2706 1508 2753 ad
1527 2708 1784 2765 ecclesiam,
1805 2719 1851 2755 et
1869 2725 2026 2754 coram

619 2784 757 2829 sacris
800 2783 1070 2847 Martyrum
1113 2782 1350 2830 cineribus
1385 2787 1538 2847 jacere
1574 2785 1812 2833 facientes.
1851 2786 2023 2846 Quinta
