2105 3348
547 258 597 292 52
966 246 1214 285 EINHARDI
1253 244 1521 282 EPIS'l‘OLAE.

547 335 737 379 fratrem
772 327 1017 393 quemdam
1056 326 1130 389 (1)
1170 325 1293 371 inter
1336 340 1444 378 eos,
1495 323 1768 386 proximum
1806 321 1952 378 mihi,

548 408 635 455 sibi
666 422 860 471 praeesse
884 413 1199 466 optaverunt,
1223 403 1446 464 juvenem
1472 398 1662 462 quidem
1689 410 1851 451 aetate,
1880 398 1957 444 sed

545 484 787 537 moi-ilius,
827 492 875 526 ut
923 491 1070 544 puto,
1114 497 1304 533 senem;
1351 480 1481 542 cujus
1523 478 1801 541 progeniem
1839 476 1958 523 bene

548 564 694 616 nosti,
735 562 831 623 [cst
865 559 1023 621 enim]
1052 558 1175 603 filius
1211 558 1271 603 N.
1318 557 1463 603 frater
1503 556 1563 602 N.
1607 567 1654 602 et
1692 556 1959 602 multorum

543 638 777 685 nobilium
802 636 1065 699 proximus.
1094 634 1244 694 Quem
1277 633 1597 680 wormatiam
1629 632 1829 695 [fratres
1854 649 1959 679 1105-

545 718 603 762 tri
651 714 844 778 tuique]
893 712 1172 759 direxerunt
1210 721 1281 768 et,
1321 711 1472 757 adhue
1518 711 1706 758 xivente
1737 710 1811 772 (2)
1854 727 1956 765 me,

542 796 655 841 dum
690 792 750 838 N.
790 810 862 837 me
896 791 1085 837 visitare
1106 790 1324 855 dignatus
1354 800 1423 836 est
1442 825 1453 844 ‚
1482 797 1765 853 praesentem
1788 787 1957 851 [eum]

544 869 1016 919 commendaverunt.
1062 867 1154 928 Qui
1193 867 1326 914 *valde
1369 878 1415 913 et.
1454 883 1559 912 eum
1602 865 1765 911 multis
1803 864 1961 929 laery—

543 950 660 1005 mis,
695 947 811 993 mihi
844 947 914 993 vel
943 945 1228 1010 propinquis
1255 946 1389 1001 meis,
1423 944 1634 991 adstante
1666 943 1726 989 N.
1754 943 1957 998 comite,

542 1025 761 1090 promisit
769 1061 883 1071 ......
922 1041 1113 1089 quoque
1143 1024 1216 1087 (5)
1238 1022 1297 1069 N.
1322 1021 1542 1087 precibus
1573 1021 1843 1085 compulsus
1873 1038 1962 1066 an—

544 1104 651 1150 nuit
669 1102 823 1168 quod,
845 1102 879 1147 si
906 1101 1032 1166 apud
1056 1103 1207 1148 Deum
1232 1100 1411 1147 factum
1436 1101 1522 1157 sit,
1549 1101 1702 1163 ipsum
1730 1099 1836 1146 loeo
1854 1115 1961 1144 meo

543 1190 781 1245 optassent
807 1180 901 1243 (4).
942 1179 1079 1227 Unde
1119 1189 1390 1235 memento,
1436 1178 1736 1233 dulcissime,
1778 1187 1833 1222 ut
1873 1176 1962 1223 hoc

544 1276 642 1306 11011
667 1258 940 1315 differatur,
968 1256 1048 1304 sed
1073 1267 1127 1302 ut
1151 1257 1233 1303 fiat
1261 1257 1465 1302 maxime
1500 1254 1670 1301 adhibe
1701 1265 1958 1302 certamen.

543 1339 688 1385 Mitto
701 1337 899 1402 pallium
914 1354 1084 1393 unum,
1103 1334 1233 1400 quod
1247 1335 1320 1398 (5)
1338 1351 1457 1399 rogo
1477 1332 1707 1379 fratribus
1722 1333 1778 1379 ad
1794 1333 1842 1378 S.
1863 1333 1964 1379 Ser-

543 1415 723 1461 vatium
746 1414 847 1460 dari
878 1412 1043 1478 jubeas
1061 1451 1071 1469 ,
1102 1424 1154 1459 ut
1177 1413 1269 1459 mei
1298 1412 1595 1459 mentionem
1621 1409 1815 1457 faciant.
1847 1410 1964 1456 Tuae

546 1493 728 1540 caritati
753 1492 939 1539 mulum
972 1509 1129 1538 meum
1157 1491 1257 1538 dari
1283 1491 1502 1555 praecepi.
1530 1491 1695 1547 Imma,
1723 1505 1861 1536 soror
1885 1488 1966 1534 di-

547 1571 825 1627 lectissima,
868 1570 937 1617 his
976 1580 1075 1617 esto
1106 1569 1336 1634 adjutrix,
1375 1568 1559 1633 tibique
1596 1567 1802 1614 animam
1833 1582 1967 1613 eom-

547 1647 747 1695 mendo!
793 1648 895 1694 Jam
938 1647 1072 1712 plura
1117 1646 1250 1711 loqui
1291 1645 1503 1710 angustia
1553 1661 1651 1691 11011
1697 1643 1965 1707 permittit,

547 1735 754 1772 attamen
779 1725 983 1771 animam
1011 1741 1164 1771 meam
1189 1724 1362 1771 iterum
1386 1721 1608 1788 precibus
1633 1721 1800 1768 vestris
1830 1738 1966 1768 com-—

549 1801 737 1850 mendo.

605 1956 800 1997 XXXIII.
834 1957 899 1994 AD
930 1957 975 1995 N.
1007 1956 1251 1995 COMITEM
1281 1957 1346 1995 ET
1376 1958 1423 1996 N.
1459 1956 1712 2004 JUDICEM,
1744 1955 1918 1995 MISSOS

1108 2024 1406 2063 DOMINICOS.

620 2131 814 2178 Dilectis
845 2131 893 2178 in
919 2131 1110 2178 Christo
1136 2130 1366 2177 fratribus
1390 2142 1437 2178 et
1467 2130 1654 2187 amicis,
1688 2130 1748 2176 N.
1776 2129 1968 2183 comiti,

604 2296 654 2339 (1)
679 2293 913 2340 Cod.frater
929 2293 1091 2340 quidam.

604 2353 653 2397 (⁴2)
679 2352 771 2387 Cod.
791 2354 985 2387 viventem.

604 2411 655 2458 (3)
680 2412 763 2447 Vox
781 2417 924 2459 (μιοᾲιιε
941 2413 986 2447 ab
1005 2411 1094 2447 edit.
1115 2410 1354 2458 praetermissa
1373 2410 1411 2444 in
1429 2409 1510 2444 cod.
1533 2405 1705 2444 distinete
1729 2408 1884 2456 legitur3
1912 2409 1974 2443 sed

558 2483 599 2505 ea
617 2482 695 2518 quae
715 2470 878 2517 proxime
897 2470 1069 2517 praecedit
1081 2498 1089 2513 ‚
1109 2476 1245 2516 septem
1266 2468 1399 2503 litteris
1415 2468 1561 2502 circiter
1577 2474 1745 2502 constans
1757 2496 1765 2511 ‚
1782 2467 1974 2502 oculorum

559 2530 673 2564 aciem
694 2529 839 2575 penitus
858 2527 998 2575 effugit.

607 2589 656 2633 (4)
682 2588 752 2622 Hic
767 2586 878 2631 locus,
901 2600 919 2622 a
938 2587 1170 2635 verbis-filius
1183 2585 1249 2629 N.,
1271 2597 1401 2631 magna
1420 2592 1522 2630 parte
1540 2592 1736 2632 corruptus
1753 2591 1820 2626 est,
1837 2591 1874 2619 et
1887 2596 1977 2630 prae-

561 2654 671 2688 16163,
688 2659 770 2681 cum
790 2659 856 2694 per
870 2646 936 2681 has
955 2646 1090 2681 similes
1116 2645 1252 2680 litteras
1278 2644 1321 2679 N.
1340 2644 1443 2679 variae
1471 2656 1630 2690 personae
1650 2644 1901 2691 designentur,
1920 2643 1977 2678 vix

565 2705 718 2750 intelligi
740 2711 867 2751 potest.

608 2764 657 2808 (5)
680 2765 770 2799 (jod,
795 2769 898 2810 (sicem
906 2792 974 2800 .....
996 2765 1097 2798 (lm-c.
