1979 3348
552 242 805 280 ElNHARDI
838 242 1071 281 CHARTAE.
1437 248 1514 287 417

111 331 275 366 contra
300 319 390 367 hoc
421 329 597 366 nostrae
627 322 897 369 donationis
926 332 1257 370 testamentum
1292 326 1519 376 resultare

111 397 334 456 voluerit,
359 407 439 442 aut
469 398 586 444 illud
612 399 878 446 convellere
909 409 1050 464 atque
1068 418 1290 450 evacuare
1315 414 1519 469 tempta-

111 475 258 530 verit,
293 474 515 536 primitus
535 473 776 521 Christum
809 485 853 521 et
888 485 1102 522 sanctum
1131 488 1391 543 martyrem
1424 484 1520 544 ejus

113 549 365 595 Nazarium
392 548 605 596 nefandis
624 549 814 596 ausibus
835 551 928 596 suis
947 553 1241 599 contrarium
1267 557 1455 616 sentiat,
1477 568 1524 605 et

112 628 322 690 insuper,
346 627 459 674 fisco
473 627 804 692 distringente,
827 628 1055 674 mulctam
1078 628 1134 677 de
1156 631 1297 679 rebus
1318 636 1526 700 propriis

111 704 234 767 parti
253 703 467 767 praedicti
488 704 769 751 venerabilis
789 706 1061 752 monasterii
1087 719 1273 755 coactus
1298 712 1523 770 exsolvat,

111 782 213 826 auri
240 781 455 829 videlicet
478 780 650 829 libram
665 799 837 838 unam,
863 787 1045 846 argenti
1063 783 1223 846 pondo
1242 803 1330 832 xn.
1357 788 1421 834 Et
1436 788 1527 836 hoc

113 867 465 913 testamentum,
487 867 627 921 atque
647 856 748 904 haec
762 857 959 904 donatio
973 869 1134 905 nostra
1153 860 1286 907 firma
1304 873 1352 909 et
1368 864 1528 912 invio-

111 935 203 981 lata
222 945 511 999 permaneat.
535 935 596 981 Et
618 936 674 989 si,
701 952 994 1001 quocunque
1013 947 1247 1002 tempore,
1269 959 1291 986 a
1315 942 1533 1005 quolibet

113 1012 307 1059 homine
335 1013 462 1059 aliud
491 1013 867 1059 instrumentum
889 1014 936 1060 in
958 1025 1125 1062 nostro
1151 1017 1346 1064 nomine
1370 1020 1534 1083 prola-

113 1100 217 1135 tum
235 1089 407 1147 fuerit,
443 1089 573 1155 quod
597 1088 708 1136 huic
740 1101 909 1138 nostro
933 1101 1216 1140 testamento
1240 1097 1533 1143 contrarium

112 1168 202 1225 sit,
228 1166 459 1214 indicium
485 1167 708 1214 datorum
737 1169 946 1215 anterius
969 1169 1043 1216 vel
1065 1172 1300 1233 posterius
1327 1172 1501 1220 habens
1518 1211 1531 1231 ‚

113 1246 292 1292 etiamsi
317 1263 462 1292 manu
493 1256 654 1292 nostra
683 1245 898 1292 videatur
928 1246 1001 1292 vel
1037 1245 1223 1293 dicatur
1251 1266 1346 1296 esse
1377 1249 1534 1297 firma-

114 1332 243 1379 tum,
274 1340 476 1369 vacuum
499 1333 545 1370 et
572 1323 711 1369 inane
736 1333 1002 1379 remaneat,
1031 1334 1078 1369 et
1102 1323 1290 1371 nullum
1314 1325 1535 1373 effectum

112 1399 329 1447 obtineat
345 1419 358 1457 ;
380 1401 485 1457 sed,
505 1410 561 1468 ut
580 1399 888 1463 praediximus
905 1435 918 1457 ,
943 1398 1043 1445 haec
1062 1399 1259 1448 donatio
1278 1412 1438 1449 nostra
1456 1421 1533 1467 pe-

113 1477 252 1523 renni
273 1475 528 1523 stabilitate
550 1475 687 1522 firma
707 1486 754 1523 et
773 1474 1058 1523 inviolabilis
1076 1488 1360 1540 perseveret,
1381 1479 1535 1543 stipu-

114 1554 291 1601 latione
315 1553 532 1600 subnixa.
562 1555 627 1600 Et
665 1564 717 1600 ut
752 1553 843 1601 hoc
868 1563 1232 1611 testamentum,
1259 1558 1394 1620 juxta
1421 1557 1541 1622 legis

114 1631 526 1689 consuetudinem,
547 1633 782 1696 integram
796 1631 1073 1679 firmitatem
1090 1633 1306 1696 accipiat,
1325 1635 1534 1698 propriae

114 1727 280 1755 manus
311 1709 661 1773 subscriptione
685 1709 803 1755 illud
821 1709 1011 1756 firmare
1035 1709 1346 1769 decrevimus,
1370 1721 1417 1758 et
1433 1711 1534 1758 ido-

115 1804 317 1835 neorum
330 1788 540 1848 testium,
554 1788 636 1852 qui
651 1788 797 1851 ipsam
808 1787 1118 1834 donationem
1132 1787 1373 1845 viderunt,
1389 1789 1536 1852 signa-

117 1866 233 1913 culis
248 1866 467 1914 roborari
487 1866 913 1913 fecimus.—-Facta
929 1864 1126 1912 donatio
1150 1866 1197 1911 in
1218 1865 1534 1913 Laureshamo

116 1943 424 2000 monasterio,
457 1959 492 1988 11
514 1942 617 1988 idus
639 1940 935 2007 septembris,
965 1958 1093 1987 anno
1120 1958 1170 1987 VI
1195 1943 1326 2006 regni
1350 1942 1533 1989 domini

117 2022 267 2067 nostri
294 2021 563 2069 Hludowici
588 2020 912 2085 gloriosissimi
936 2020 1243 2082 Imperatoris
1264 2019 1311 2064 in
1332 2020 1416 2066 Dei
1436 2036 1533 2066 no-

118 2099 247 2146 mine
271 2098 491 2147 feliciter.

183 2177 287 2240 Ego
323 2176 593 2222 Einhardus
629 2186 850 2240 peccator
882 2185 928 2222 et
954 2174 1157 2221 donator
1190 2173 1447 2237 recognovi
1489 2183 1536 2220 et

119 2272 264 2300 manu
288 2255 481 2319 propria
502 2254 770 2318 subscripsi.
798 2255 901 2318 Ego
931 2255 1076 2299 Imma
1102 2252 1317 2299 consensi
1347 2261 1393 2297 et
1426 2250 1538 2297 sub—

119 2332 302 2395 scripsi.
324 2333 364 2394 †
383 2333 583 2396 Signum
601 2331 905 2396 Rabangarii.
927 2331 966 2394 -1-
982 2330 1183 2394 Signum
1200 2327 1533 2375 Warbotonis.

122 2412 160 2473 †
186 2411 385 2474 Signum
405 2409 673 2457 WVolfbffl-ti
701 2420 747 2457 et
770 2410 990 2456 aliorum.

188 2488 292 2552 Ego
322 2487 639 2533 Hirmimarus
663 2487 889 2535 diaconus
923 2497 969 2533 et
1005 2485 1218 2532 notarius
1253 2482 1536 2545 imperialis,

124 2575 324 2629 rogante
348 2562 618 2618 Einhardo,
658 2561 748 2609 hoc
781 2571 1114 2609 testamentum
1147 2559 1309 2621 scripsi
1349 2569 1395 2604 et
1428 2558 1542 2603 sub-

126 2641 307 2705 scripsi.

229 2823 281 2851 11.
1294 2818 1347 2861 27
