1979 3348
495 377 810 415 MARCELLINI
845 376 907 414 ET
939 376 1105 415 PETRI.
1433 377 1510 416 405

106 466 158 507 Ut
184 481 422 508 mensuram
447 465 665 524 pervidere
693 466 905 523 propriam
932 480 1017 506 non
1044 464 1194 507 valeas.

100 542 198 584 Esse
224 559 404 601 namque
431 554 468 585 te
489 542 711 585 mortalem
741 543 927 584 universi
949 543 1167 595 novimus3

100 620 152 662 Et
174 630 240 671 tu,
270 620 385 662 velut
407 619 613 678 quiddam
637 634 841 677 magnum
870 619 911 660 in
936 628 974 660 te
1000 620 1146 676 vigens
1166 629 1335 662 maneat
1360 622 1422 676 (1)
1438 653 1447 671 ‚

101 695 293 738 Grandes
318 712 461 754 poenas
484 696 758 738 comminaris
780 697 843 752 (2)
867 695 1109 737 Christiano
1134 694 1320 754 populo3

102 772 238 815 Stulta
259 773 385 815 nimis
410 789 458 814 ac
479 772 613 814 feroci
639 771 860 814 confidens
881 771 1058 814 audacia
1072 805 1082 824 ,

100 851 388 893 Immortalem
412 850 572 893 Christi
595 849 747 903 fidem,
773 851 825 894 de
847 851 1096 894 credentum
1119 851 1341 901 cordibus,

100 928 324 970 Exturbari
352 945 541 987 unquam
565 945 684 987 posse
707 930 842 988 poenis
861 928 1183 987 temporalibus.

102 1007 374 1050 Sacerdotem
398 1006 571 1065 quidem
597 1007 782 1060 Christi,
810 1023 937 1065 quem
961 1022 1113 1063 rogare
1140 1015 1326 1064 poterasa

103 1083 159 1126 Ut
182 1099 259 1142 pro
284 1084 366 1125 tuis
390 1093 582 1126 exoraret
604 1083 800 1142 plurimis
820 1083 1081 1135 excessibus,

102 1161 263 1218 Pugnis
286 1176 439 1203 caesum
462 1171 589 1219 atque
611 1161 803 1204 vinctum
825 1161 1076 1219 mancipasti
1098 1161 1274 1203 carceri.

102 1237 165 1278 De
188 1252 274 1294 quo
298 1245 436 1278 tamen
464 1237 571 1278 tristi
594 1235 707 1279 facto
722 1270 732 1288 ,
757 1252 857 1279 vero
880 1236 998 1279 laetus
1021 1236 1178 1294 gaudio
1193 1269 1202 1287 ,

102 1315 287 1372 Magnus
307 1314 378 1357 ille
398 1323 559 1371 martyr
578 1314 737 1356 Christi
757 1313 886 1356 modo
906 1313 1013 1356 nihil
1036 1315 1231 1372 queritur
1248 1333 1257 1365 ς

102 1391 239 1434 Immo
266 1408 408 1434 rerum
431 1391 644 1434 conditori
671 1390 822 1448 dignas
848 1390 977 1433 refert
1001 1392 1172 1449 gratias.
1198 1410 1217 1430 »

104 1469 181 1510 His
203 1467 357 1510 auditis
371 1501 380 1519 ‚
411 1467 610 1510 efferatus
631 1477 945 1510 tormentorum
968 1468 1143 1518 arbiter‚

104 1545 279 1587 Petrum
298 1544 422 1602 jubet
445 1554 689 1586 catenarum
715 1545 1073 1603 comprehensum
1096 1544 1283 1603 pondere

105 1623 343 1665 Oneratum
358 1655 368 1674 ,
394 1624 435 1664 in
463 1621 692 1663 obscuram
714 1622 848 1680 recipi
870 1621 1107 1664 custodiam
1125 1640 1134 1666 ε

106 1701 159 1743 Et
180 1700 223 1742 in
248 1700 372 1758 cippo
395 1698 658 1742 furibundus
683 1700 874 1758 praecipit
897 1700 1133 1742 arctissimo
1150 1734 1159 1751 ‚

106 1776 278 1819 Plantas
304 1775 431 1818 simul
452 1785 579 1834 atque
600 1791 727 1817 crura
749 1776 923 1834 pretiosi
945 1776 1165 1834 martyris,

107 1855 170 1897 Ne
191 1854 308 1897 abire
335 1853 604 1913 praevaleret⁷
632 1852 895 1895 includendo
918 1854 1161 1913 comprimi.

172 1939 242 1974 10.
278 1930 361 1974 Sed
385 1946 482 1973 cum
506 1938 645 1972 essent
665 1930 745 1971 isto
771 1928 900 1972 modo
924 1931 1105 1988 separati
1126 1940 1331 1988 martyres
1347 1963 1356 1981 ,

110 2008 234 2052 Celso
254 2009 405 2050 missus
429 2008 623 2050 visitator
645 2006 741 2049 coeli
758 2007 875 2049 venit
896 2007 1108 2061 culmine,

110 2087 177 2129 Ad
201 2087 372 2129 beatum
393 2086 553 2129 Christi
576 2095 723 2129 testem
752 2085 1062 2129 consolandum
1078 2119 1089 2138 ‚
1114 2084 1307 2142 angelus,

112 2163 203 2223 Qui
225 2164 328 2206 dum
349 2174 543 2206 sanctum
567 2164 796 2206 invenisset
815 2164 925 2205 vitro
951 2163 1263 2221 superpositum

110 2239 438 2292 Marcellinum,
466 2240 556 2282 sine
578 2249 690 2282 veste
714 2238 832 2281 nudo
854 2240 1046 2282 vinctum
1071 2254 1274 2298 corpore,

112 2317 283 2360 Christo
308 2317 399 2358 Deo
427 2316 736 2375 supplicantem
751 2350 761 2367 ‚
786 2317 896 2359 sicut
915 2326 1006 2359 erat
1028 2316 1200 2369 solitus,

112 2391 246 2436 Solvit
268 2393 408 2435 statim
425 2426 435 2446 ‚
461 2403 502 2435 et
523 2402 720 2452 opertum
744 2393 1006 2436 indumentis
1027 2394 1212 2453 propriis
1227 2426 1237 2445 ,

115 2469 454 2529 Quoquoversus
476 2468 537 2528 (3)
559 2469 868 2528 praecedentem
894 2486 935 2513 se
960 2470 1226 2529 sequendum
1249 2470 1454 2528 imperat,

115 2548 176 2589 Eo
202 2545 348 2588 dicens
368 2544 691 2603 perducendum
706 2581 718 2598 ‚
746 2547 822 2589 ubi
841 2547 992 2590 Petrus
1011 2547 1167 2590 fuerat.

165 2762 215 2806 (1)
240 2759 338 2795 Edit.
363 2760 489 2794 lateat.

166 2826 218 2870 (2)
242 2824 337 2859 Edit.
358 2824 549 2858 minitaris.

167 2888 218 2935 (3)
246 2887 343 2923 Edit.
367 2899 669 2935 quoquoversum.
