<?xml version="1.0" encoding="UTF-8"?>
<!DOCTYPE html PUBLIC "-//W3C//DTD XHTML 1.0 Transitional//EN"
    "http://www.w3.org/TR/xhtml1/DTD/xhtml1-transitional.dtd">
<html xmlns="http://www.w3.org/1999/xhtml" xml:lang="en" lang="en">
 <head>
  <title>
</title>
<meta http-equiv="Content-Type" content="text/html;charset=utf-8" />
  <meta name='ocr-system' content='tesseract 3.04.00' />
  <meta name='ocr-capabilities' content='ocr_page ocr_carea ocr_par ocr_line ocrx_word'/>
</head>
<body>
  <div class='ocr_page' id='page_1' title='image "./einhardiomniaqua02einhuoft_0190.png"; bbox 0 0 2105 3348; ppageno 0'>
   <div class='ocr_carea' id='block_1_1' title="bbox 600 321 2044 2699">
    <p class='ocr_par' dir='ltr' id='par_1_1' title="bbox 612 321 1639 370">
     <span class='ocr_line' id='line_1_1' title="bbox 612 321 1639 370; baseline -0.005 -5"><span class='ocrx_word' id='word_1_1' title='bbox 612 332 685 370; x_wconf 70' lang='lat'>162</span> <span class='ocrx_word' id='word_1_2' title='bbox 992 328 1055 362; x_wconf 75' lang='lat' dir='ltr'>AD</span> <span class='ocrx_word' id='word_1_3' title='bbox 1088 323 1339 361; x_wconf 84' lang='lat' dir='ltr'>EINHARDI</span> <span class='ocrx_word' id='word_1_4' title='bbox 1373 321 1639 360; x_wconf 84' lang='lat' dir='ltr'>EPISTOLAS</span> 
     </span>
    </p>

    <p class='ocr_par' dir='ltr' id='par_1_2' title="bbox 600 402 2044 2699">
     <span class='ocr_line' id='line_1_2' title="bbox 610 402 2010 464; baseline -0.008 -9"><span class='ocrx_word' id='word_1_5' title='bbox 610 428 696 455; x_wconf 88' lang='lat' dir='ltr'>ram</span> <span class='ocrx_word' id='word_1_6' title='bbox 716 411 793 453; x_wconf 83' lang='lat' dir='ltr'>ibis</span> <span class='ocrx_word' id='word_1_7' title='bbox 822 412 883 464; x_wconf 85' lang='lat'>(1)</span> <span class='ocrx_word' id='word_1_8' title='bbox 902 426 940 456; x_wconf 68' lang='lat' dir='ltr'>u,</span> <span class='ocrx_word' id='word_1_9' title='bbox 968 405 1131 446; x_wconf 83' lang='lat' dir='ltr'>differri</span> <span class='ocrx_word' id='word_1_10' title='bbox 1164 402 1478 461; x_wconf 83' lang='lat' dir='ltr'>aliquantulum</span> <span class='ocrx_word' id='word_1_11' title='bbox 1499 412 1659 460; x_wconf 87' lang='lat' dir='ltr'>potest,</span> <span class='ocrx_word' id='word_1_12' title='bbox 1687 404 1730 444; x_wconf 91' lang='lat' dir='ltr'>in</span> <span class='ocrx_word' id='word_1_13' title='bbox 1761 411 2010 461; x_wconf 88' lang='lat' dir='ltr'>perpetuum</span> 
     </span>
     <span class='ocr_line' id='line_1_3' title="bbox 607 479 2013 540; baseline -0.008 -8"><span class='ocrx_word' id='word_1_14' title='bbox 607 499 745 531; x_wconf 83' lang='lat' dir='ltr'>autem</span> <span class='ocrx_word' id='word_1_15' title='bbox 770 485 893 528; x_wconf 84' lang='lat' dir='ltr'>vitari</span> <span class='ocrx_word' id='word_1_16' title='bbox 916 498 1001 525; x_wconf 92' lang='lat' dir='ltr'>non</span> <span class='ocrx_word' id='word_1_17' title='bbox 1026 490 1186 540; x_wconf 83' lang='lat' dir='ltr'>potest,</span> <span class='ocrx_word' id='word_1_18' title='bbox 1219 479 1315 521; x_wconf 80' lang='lat' dir='ltr'>fidis</span> <span class='ocrx_word' id='word_1_19' title='bbox 1336 479 1572 538; x_wconf 85' lang='lat' dir='ltr'>optandum</span> <span class='ocrx_word' id='word_1_20' title='bbox 1604 480 1887 538; x_wconf 78' lang='lat' dir='ltr'>conjugibus,</span> <span class='ocrx_word' id='word_1_21' title='bbox 1916 495 2013 522; x_wconf 89' lang='lat' dir='ltr'>cum</span> 
     </span>
     <span class='ocr_line' id='line_1_4' title="bbox 607 555 2017 614; baseline -0.008 -6"><span class='ocrx_word' id='word_1_22' title='bbox 607 577 698 608; x_wconf 80' lang='lat' dir='ltr'>uter</span> <span class='ocrx_word' id='word_1_23' title='bbox 719 577 866 605; x_wconf 82' lang='lat' dir='ltr'>corum</span> <span class='ocrx_word' id='word_1_24' title='bbox 898 573 1170 602; x_wconf 84' lang='lat' dir='ltr'>remansurus</span> <span class='ocrx_word' id='word_1_25' title='bbox 1192 558 1266 607; x_wconf 79' lang='lat' dir='ltr'>sit,</span> <span class='ocrx_word' id='word_1_26' title='bbox 1302 572 1399 598; x_wconf 93' lang='lat' dir='ltr'>eum</span> <span class='ocrx_word' id='word_1_27' title='bbox 1428 555 1521 598; x_wconf 84' lang='lat' dir='ltr'>sore</span> <span class='ocrx_word' id='word_1_28' title='bbox 1549 556 1839 614; x_wconf 73' lang='lat' dir='ltr'>superstitem,</span> <span class='ocrx_word' id='word_1_29' title='bbox 1863 557 1938 614; x_wconf 91' lang='lat' dir='ltr'>qui</span> <span class='ocrx_word' id='word_1_30' title='bbox 1965 557 2017 597; x_wconf 89' lang='lat' dir='ltr'>sit</span> 
     </span>
     <span class='ocr_line' id='line_1_5' title="bbox 604 633 2016 691; baseline -0.008 -6"><span class='ocrx_word' id='word_1_31' title='bbox 604 654 642 686; x_wconf 71' lang='lat' dir='ltr'>et</span> <span class='ocrx_word' id='word_1_32' title='bbox 666 642 719 684; x_wconf 87' lang='lat' dir='ltr'>ad</span> <span class='ocrx_word' id='word_1_33' title='bbox 747 640 1026 683; x_wconf 75' lang='lat' dir='ltr'>calamitatem</span> <span class='ocrx_word' id='word_1_34' title='bbox 1051 634 1273 678; x_wconf 83' lang='lat' dir='ltr'>&#39;serendam</span> <span class='ocrx_word' id='word_1_35' title='bbox 1299 634 1532 686; x_wconf 73' lang='lat' dir='ltr'>robustior,</span> <span class='ocrx_word' id='word_1_36' title='bbox 1555 643 1596 676; x_wconf 93' lang='lat' dir='ltr'>et</span> <span class='ocrx_word' id='word_1_37' title='bbox 1618 633 1672 675; x_wconf 89' lang='lat' dir='ltr'>ad</span> <span class='ocrx_word' id='word_1_38' title='bbox 1693 633 1806 691; x_wconf 84' lang='lat' dir='ltr'>justa</span> <span class='ocrx_word' id='word_1_39' title='bbox 1828 633 1880 675; x_wconf 92' lang='lat' dir='ltr'>de</span> <span class='ocrx_word' id='word_1_40' title='bbox 1899 649 2016 675; x_wconf 87' lang='lat' dir='ltr'>more</span> 
     </span>
     <span class='ocr_line' id='line_1_6' title="bbox 602 710 2019 771; baseline -0.008 -8"><span class='ocrx_word' id='word_1_41' title='bbox 602 720 832 763; x_wconf 81' lang='lat' dir='ltr'>christiano</span> <span class='ocrx_word' id='word_1_42' title='bbox 859 714 1050 759; x_wconf 84' lang='lat' dir='ltr'>curanda</span> <span class='ocrx_word' id='word_1_43' title='bbox 1071 714 1207 771; x_wconf 80' lang='lat' dir='ltr'>magis</span> <span class='ocrx_word' id='word_1_44' title='bbox 1232 712 1429 755; x_wconf 87' lang='lat' dir='ltr'>idoneus.</span> <span class='ocrx_word' id='word_1_45' title='bbox 1449 712 1545 754; x_wconf 89' lang='lat' dir='ltr'>Non</span> <span class='ocrx_word' id='word_1_46' title='bbox 1567 712 1682 753; x_wconf 88' lang='lat' dir='ltr'>enim</span> <span class='ocrx_word' id='word_1_47' title='bbox 1699 726 1800 753; x_wconf 81' lang='lat' dir='ltr'>sexu</span> <span class='ocrx_word' id='word_1_48' title='bbox 1823 710 2019 753; x_wconf 88' lang='lat' dir='ltr'>differen-</span> 
     </span>
     <span class='ocr_line' id='line_1_7' title="bbox 602 786 2020 849; baseline -0.009 -8"><span class='ocrx_word' id='word_1_49' title='bbox 602 801 657 841; x_wconf 84' lang='lat' dir='ltr'>tia</span> <span class='ocrx_word' id='word_1_50' title='bbox 675 796 840 839; x_wconf 87' lang='lat' dir='ltr'>virtutis</span> <span class='ocrx_word' id='word_1_51' title='bbox 858 828 868 847; x_wconf 86' lang='lat'>,</span> <span class='ocrx_word' id='word_1_52' title='bbox 888 793 960 836; x_wconf 84' lang='lat' dir='ltr'>sed</span> <span class='ocrx_word' id='word_1_53' title='bbox 981 793 1124 835; x_wconf 91' lang='lat' dir='ltr'>animo</span> <span class='ocrx_word' id='word_1_54' title='bbox 1148 789 1355 849; x_wconf 83' lang='lat' dir='ltr'>capienda</span> <span class='ocrx_word' id='word_1_55' title='bbox 1377 799 1454 832; x_wconf 89' lang='lat' dir='ltr'>est.</span> <span class='ocrx_word' id='word_1_56' title='bbox 1475 788 1653 846; x_wconf 83' lang='lat' dir='ltr'>Alioqui</span> <span class='ocrx_word' id='word_1_57' title='bbox 1672 804 1760 830; x_wconf 92' lang='lat' dir='ltr'>non</span> <span class='ocrx_word' id='word_1_58' title='bbox 1783 787 1908 830; x_wconf 87' lang='lat' dir='ltr'>video</span> <span class='ocrx_word' id='word_1_59' title='bbox 1927 786 2020 829; x_wconf 92' lang='lat' dir='ltr'>reli-</span> 
     </span>
     <span class='ocr_line' id='line_1_8' title="bbox 601 863 2022 933; baseline -0.008 -15"><span class='ocrx_word' id='word_1_60' title='bbox 601 876 708 933; x_wconf 75' lang='lat' dir='ltr'>giosi</span> <span class='ocrx_word' id='word_1_61' title='bbox 733 874 941 931; x_wconf 80' lang='lat' dir='ltr'>conjuges</span> <span class='ocrx_word' id='word_1_62' title='bbox 965 867 1331 929; x_wconf 82' lang='lat' dir='ltr'>quemadmodum</span> <span class='ocrx_word' id='word_1_63' title='bbox 1359 866 1437 909; x_wconf 89' lang='lat' dir='ltr'>sibi</span> <span class='ocrx_word' id='word_1_64' title='bbox 1468 866 1636 908; x_wconf 84' lang='lat' dir='ltr'>sincero</span> <span class='ocrx_word' id='word_1_65' title='bbox 1663 880 1809 907; x_wconf 90' lang='lat' dir='ltr'>amore</span> <span class='ocrx_word' id='word_1_66' title='bbox 1833 863 2022 907; x_wconf 90' lang='lat' dir='ltr'>devincti</span> 
     </span>
     <span class='ocr_line' id='line_1_9' title="bbox 600 941 2018 1001; baseline -0.007 -7"><span class='ocrx_word' id='word_1_67' title='bbox 600 953 698 994; x_wconf 86' lang='lat' dir='ltr'>sint.</span> <span class='ocrx_word' id='word_1_68' title='bbox 729 951 839 993; x_wconf 90' lang='lat' dir='ltr'>Cum</span> <span class='ocrx_word' id='word_1_69' title='bbox 870 949 958 991; x_wconf 80' lang='lat' dir='ltr'>haec</span> <span class='ocrx_word' id='word_1_70' title='bbox 990 948 1048 989; x_wconf 87' lang='lat' dir='ltr'>ita</span> <span class='ocrx_word' id='word_1_71' title='bbox 1072 962 1113 988; x_wconf 89' lang='lat' dir='ltr'>se</span> <span class='ocrx_word' id='word_1_72' title='bbox 1147 944 1304 987; x_wconf 87' lang='lat' dir='ltr'>habere</span> <span class='ocrx_word' id='word_1_73' title='bbox 1328 942 1573 986; x_wconf 90' lang='lat' dir='ltr'>indubitata</span> <span class='ocrx_word' id='word_1_74' title='bbox 1604 943 1712 984; x_wconf 89' lang='lat' dir='ltr'>ratio</span> <span class='ocrx_word' id='word_1_75' title='bbox 1740 941 2018 1001; x_wconf 87' lang='lat' dir='ltr'>persuadeat,</span> 
     </span>
     <span class='ocr_line' id='line_1_10' title="bbox 600 1018 2023 1089; baseline -0.009 -17"><span class='ocrx_word' id='word_1_76' title='bbox 600 1030 775 1089; x_wconf 87' lang='lat' dir='ltr'>planum</span> <span class='ocrx_word' id='word_1_77' title='bbox 804 1028 935 1085; x_wconf 79' lang='lat' dir='ltr'>igitur</span> <span class='ocrx_word' id='word_1_78' title='bbox 960 1035 1020 1067; x_wconf 85' lang='lat' dir='ltr'>est</span> <span class='ocrx_word' id='word_1_79' title='bbox 1042 1022 1273 1066; x_wconf 89' lang='lat' dir='ltr'>verisimile</span> <span class='ocrx_word' id='word_1_80' title='bbox 1295 1037 1383 1065; x_wconf 89' lang='lat' dir='ltr'>esse</span> <span class='ocrx_word' id='word_1_81' title='bbox 1402 1037 1491 1063; x_wconf 91' lang='lat' dir='ltr'>non</span> <span class='ocrx_word' id='word_1_82' title='bbox 1515 1019 1579 1062; x_wconf 88' lang='lat' dir='ltr'>illi</span> <span class='ocrx_word' id='word_1_83' title='bbox 1595 1019 1766 1063; x_wconf 78' lang='lat' dir='ltr'>seminae</span> <span class='ocrx_word' id='word_1_84' title='bbox 1788 1018 2023 1062; x_wconf 84' lang='lat' dir='ltr'>venerabili</span> 
     </span>
     <span class='ocr_line' id='line_1_11' title="bbox 603 1096 2021 1158; baseline -0.009 -8"><span class='ocrx_word' id='word_1_85' title='bbox 603 1106 757 1158; x_wconf 80' lang='lat' dir='ltr'>solum,</span> <span class='ocrx_word' id='word_1_86' title='bbox 778 1104 849 1147; x_wconf 88' lang='lat' dir='ltr'>sed</span> <span class='ocrx_word' id='word_1_87' title='bbox 866 1104 993 1146; x_wconf 91' lang='lat' dir='ltr'>etiam</span> <span class='ocrx_word' id='word_1_88' title='bbox 1012 1101 1149 1153; x_wconf 88' lang='lat' dir='ltr'>vobis,</span> <span class='ocrx_word' id='word_1_89' title='bbox 1170 1116 1193 1142; x_wconf 92' lang='lat' dir='ltr'>a</span> <span class='ocrx_word' id='word_1_90' title='bbox 1211 1100 1302 1142; x_wconf 92' lang='lat' dir='ltr'>Deo</span> <span class='ocrx_word' id='word_1_91' title='bbox 1320 1114 1526 1156; x_wconf 79' lang='lat' dir='ltr'>magnum</span> <span class='ocrx_word' id='word_1_92' title='bbox 1547 1096 1752 1156; x_wconf 87' lang='lat' dir='ltr'>quiddam</span> <span class='ocrx_word' id='word_1_93' title='bbox 1770 1097 2021 1156; x_wconf 80' lang='lat' dir='ltr'>praestitum,</span> 
     </span>
     <span class='ocr_line' id='line_1_12' title="bbox 604 1174 2021 1241; baseline -0.008 -15"><span class='ocrx_word' id='word_1_94' title='bbox 604 1183 730 1234; x_wconf 91' lang='lat' dir='ltr'>dum,</span> <span class='ocrx_word' id='word_1_95' title='bbox 756 1181 873 1241; x_wconf 92' lang='lat' dir='ltr'>quod</span> <span class='ocrx_word' id='word_1_96' title='bbox 897 1179 1019 1222; x_wconf 81' lang='lat' dir='ltr'>vobis</span> <span class='ocrx_word' id='word_1_97' title='bbox 1044 1176 1295 1235; x_wconf 77' lang='lat' dir='ltr'>eligendum</span> <span class='ocrx_word' id='word_1_98' title='bbox 1325 1175 1489 1227; x_wconf 80' lang='lat' dir='ltr'>fuerat,</span> <span class='ocrx_word' id='word_1_99' title='bbox 1515 1175 1603 1234; x_wconf 90' lang='lat' dir='ltr'>ipse</span> <span class='ocrx_word' id='word_1_100' title='bbox 1626 1174 1741 1216; x_wconf 89' lang='lat' dir='ltr'>ultro</span> <span class='ocrx_word' id='word_1_101' title='bbox 1774 1174 2021 1231; x_wconf 82' lang='lat' dir='ltr'>ingesserit,</span> 
     </span>
     <span class='ocr_line' id='line_1_13' title="bbox 603 1249 2026 1321; baseline -0.009 -17"><span class='ocrx_word' id='word_1_102' title='bbox 603 1275 849 1321; x_wconf 84' lang='lat' dir='ltr'>quanquam</span> <span class='ocrx_word' id='word_1_103' title='bbox 881 1256 1077 1307; x_wconf 83' lang='lat' dir='ltr'>occulto,</span> <span class='ocrx_word' id='word_1_104' title='bbox 1113 1254 1292 1296; x_wconf 91' lang='lat' dir='ltr'>minime</span> <span class='ocrx_word' id='word_1_105' title='bbox 1322 1262 1461 1295; x_wconf 90' lang='lat' dir='ltr'>tamen</span> <span class='ocrx_word' id='word_1_106' title='bbox 1493 1252 1655 1309; x_wconf 87' lang='lat' dir='ltr'>injusto</span> <span class='ocrx_word' id='word_1_107' title='bbox 1683 1249 1867 1308; x_wconf 80' lang='lat' dir='ltr'>judicio.</span> <span class='ocrx_word' id='word_1_108' title='bbox 1901 1250 2026 1292; x_wconf 80' lang='lat' dir='ltr'>Certe</span> 
     </span>
     <span class='ocr_line' id='line_1_14' title="bbox 605 1328 2026 1381; baseline -0.008 0"><span class='ocrx_word' id='word_1_109' title='bbox 605 1339 678 1381; x_wconf 87' lang='lat' dir='ltr'>illa</span> <span class='ocrx_word' id='word_1_110' title='bbox 701 1339 777 1380; x_wconf 89' lang='lat' dir='ltr'>etsi</span> <span class='ocrx_word' id='word_1_111' title='bbox 804 1353 853 1378; x_wconf 80' lang='lat' dir='ltr'>ex</span> <span class='ocrx_word' id='word_1_112' title='bbox 877 1344 1016 1377; x_wconf 77' lang='lat' dir='ltr'>vestro</span> <span class='ocrx_word' id='word_1_113' title='bbox 1043 1332 1259 1375; x_wconf 89' lang='lat' dir='ltr'>consortio</span> <span class='ocrx_word' id='word_1_114' title='bbox 1285 1330 1420 1373; x_wconf 90' lang='lat' dir='ltr'>multa</span> <span class='ocrx_word' id='word_1_115' title='bbox 1446 1329 1678 1381; x_wconf 78' lang='lat' dir='ltr'>didicerat,</span> <span class='ocrx_word' id='word_1_116' title='bbox 1705 1329 1765 1371; x_wconf 89' lang='lat' dir='ltr'>ita</span> <span class='ocrx_word' id='word_1_117' title='bbox 1785 1338 1939 1371; x_wconf 93' lang='lat' dir='ltr'>utnon</span> <span class='ocrx_word' id='word_1_118' title='bbox 1962 1328 2026 1370; x_wconf 88' lang='lat' dir='ltr'>sui</span> 
     </span>
     <span class='ocr_line' id='line_1_15' title="bbox 606 1405 2027 1465; baseline -0.008 -7"><span class='ocrx_word' id='word_1_119' title='bbox 606 1431 726 1458; x_wconf 86' lang='lat' dir='ltr'>sexus</span> <span class='ocrx_word' id='word_1_120' title='bbox 743 1412 872 1456; x_wconf 92' lang='lat' dir='ltr'>modo</span> <span class='ocrx_word' id='word_1_121' title='bbox 886 1446 896 1465; x_wconf 89' lang='lat'>,</span> <span class='ocrx_word' id='word_1_122' title='bbox 922 1426 1071 1454; x_wconf 87' lang='lat' dir='ltr'>verum</span> <span class='ocrx_word' id='word_1_123' title='bbox 1092 1410 1220 1452; x_wconf 91' lang='lat' dir='ltr'>etiam</span> <span class='ocrx_word' id='word_1_124' title='bbox 1242 1407 1412 1450; x_wconf 85' lang='lat' dir='ltr'>turbam</span> <span class='ocrx_word' id='word_1_125' title='bbox 1432 1408 1626 1449; x_wconf 89' lang='lat' dir='ltr'>virorum</span> <span class='ocrx_word' id='word_1_126' title='bbox 1650 1421 1724 1448; x_wconf 86' lang='lat' dir='ltr'>sua</span> <span class='ocrx_word' id='word_1_127' title='bbox 1747 1405 1908 1463; x_wconf 79' lang='lat' dir='ltr'>insigni</span> <span class='ocrx_word' id='word_1_128' title='bbox 1926 1419 2027 1463; x_wconf 85' lang='lat' dir='ltr'>pru-</span> 
     </span>
     <span class='ocr_line' id='line_1_16' title="bbox 608 1483 2029 1548; baseline -0.008 -14"><span class='ocrx_word' id='word_1_129' title='bbox 608 1492 779 1542; x_wconf 89' lang='lat' dir='ltr'>dentia,</span> <span class='ocrx_word' id='word_1_130' title='bbox 812 1489 1019 1548; x_wconf 79' lang='lat' dir='ltr'>gravitate</span> <span class='ocrx_word' id='word_1_131' title='bbox 1055 1496 1183 1544; x_wconf 82' lang='lat' dir='ltr'>atque</span> <span class='ocrx_word' id='word_1_132' title='bbox 1211 1487 1455 1536; x_wconf 86' lang='lat' dir='ltr'>honestate,</span> <span class='ocrx_word' id='word_1_133' title='bbox 1487 1499 1580 1542; x_wconf 82' lang='lat' dir='ltr'>quae</span> <span class='ocrx_word' id='word_1_134' title='bbox 1603 1499 1669 1525; x_wconf 88' lang='lat' dir='ltr'>res</span> <span class='ocrx_word' id='word_1_135' title='bbox 1700 1499 1900 1541; x_wconf 79' lang='lat' dir='ltr'>magnam</span> <span class='ocrx_word' id='word_1_136' title='bbox 1934 1483 2029 1524; x_wconf 86' lang='lat' dir='ltr'>vitae</span> 
     </span>
     <span class='ocr_line' id='line_1_17' title="bbox 608 1560 2029 1621; baseline -0.009 -9"><span class='ocrx_word' id='word_1_137' title='bbox 608 1571 806 1611; x_wconf 79' lang='lat' dir='ltr'>humanae</span> <span class='ocrx_word' id='word_1_138' title='bbox 829 1566 1026 1608; x_wconf 87' lang='lat' dir='ltr'>tribuunt</span> <span class='ocrx_word' id='word_1_139' title='bbox 1050 1563 1329 1621; x_wconf 76' lang='lat' dir='ltr'>dignitatem,</span> <span class='ocrx_word' id='word_1_140' title='bbox 1360 1560 1488 1618; x_wconf 77' lang='lat' dir='ltr'>longe</span> <span class='ocrx_word' id='word_1_141' title='bbox 1507 1569 1750 1618; x_wconf 85' lang='lat' dir='ltr'>superaret,</span> <span class='ocrx_word' id='word_1_142' title='bbox 1776 1575 1826 1601; x_wconf 90' lang='lat' dir='ltr'>ac</span> <span class='ocrx_word' id='word_1_143' title='bbox 1850 1573 2029 1617; x_wconf 84' lang='lat' dir='ltr'>corpore</span> 
     </span>
     <span class='ocr_line' id='line_1_18' title="bbox 609 1636 2031 1696; baseline -0.008 -8"><span class='ocrx_word' id='word_1_144' title='bbox 609 1645 792 1696; x_wconf 78' lang='lat' dir='ltr'>femina,</span> <span class='ocrx_word' id='word_1_145' title='bbox 831 1643 975 1685; x_wconf 90' lang='lat' dir='ltr'>animo</span> <span class='ocrx_word' id='word_1_146' title='bbox 1005 1642 1048 1682; x_wconf 91' lang='lat' dir='ltr'>in</span> <span class='ocrx_word' id='word_1_147' title='bbox 1081 1640 1222 1681; x_wconf 87' lang='lat' dir='ltr'>virum</span> <span class='ocrx_word' id='word_1_148' title='bbox 1253 1636 1517 1696; x_wconf 71' lang='lat' dir='ltr'>profecerat,</span> <span class='ocrx_word' id='word_1_149' title='bbox 1551 1637 1605 1678; x_wconf 87' lang='lat' dir='ltr'>ad</span> <span class='ocrx_word' id='word_1_150' title='bbox 1639 1637 1853 1695; x_wconf 73' lang='lat' dir='ltr'>sapientiae</span> <span class='ocrx_word' id='word_1_151' title='bbox 1886 1644 2031 1677; x_wconf 81' lang='lat' dir='ltr'>vestrae</span> 
     </span>
     <span class='ocr_line' id='line_1_19' title="bbox 612 1714 2032 1781; baseline -0.009 -15"><span class='ocrx_word' id='word_1_152' title='bbox 612 1723 831 1781; x_wconf 76' lang='lat' dir='ltr'>fastigium</span> <span class='ocrx_word' id='word_1_153' title='bbox 867 1734 1089 1777; x_wconf 86' lang='lat' dir='ltr'>nunquam</span> <span class='ocrx_word' id='word_1_154' title='bbox 1125 1716 1294 1776; x_wconf 85' lang='lat' dir='ltr'>penitus</span> <span class='ocrx_word' id='word_1_155' title='bbox 1329 1714 1575 1772; x_wconf 77' lang='lat' dir='ltr'>aspirasset,</span> <span class='ocrx_word' id='word_1_156' title='bbox 1611 1728 1833 1771; x_wconf 90' lang='lat' dir='ltr'>nunquam</span> <span class='ocrx_word' id='word_1_157' title='bbox 1867 1722 2032 1755; x_wconf 89' lang='lat' dir='ltr'>tantum</span> 
     </span>
     <span class='ocr_line' id='line_1_20' title="bbox 616 1789 2034 1854; baseline -0.007 -13"><span class='ocrx_word' id='word_1_158' title='bbox 616 1798 772 1848; x_wconf 82' lang='lat' dir='ltr'>robur,</span> <span class='ocrx_word' id='word_1_159' title='bbox 815 1810 1064 1854; x_wconf 90' lang='lat' dir='ltr'>semperque</span> <span class='ocrx_word' id='word_1_160' title='bbox 1100 1791 1281 1835; x_wconf 89' lang='lat' dir='ltr'>similem</span> <span class='ocrx_word' id='word_1_161' title='bbox 1302 1825 1311 1842; x_wconf 83' lang='lat'>‚</span> <span class='ocrx_word' id='word_1_162' title='bbox 1354 1806 1482 1848; x_wconf 89' lang='lat' dir='ltr'>quam</span> <span class='ocrx_word' id='word_1_163' title='bbox 1522 1791 1566 1832; x_wconf 94' lang='lat' dir='ltr'>in</span> <span class='ocrx_word' id='word_1_164' title='bbox 1605 1790 1726 1832; x_wconf 80' lang='lat' dir='ltr'>vobis</span> <span class='ocrx_word' id='word_1_165' title='bbox 1760 1789 2034 1848; x_wconf 83' lang='lat' dir='ltr'>singulariter</span> 
     </span>
     <span class='ocr_line' id='line_1_21' title="bbox 619 1865 2035 1926; baseline -0.007 -8"><span class='ocrx_word' id='word_1_166' title='bbox 619 1890 767 1918; x_wconf 91' lang='lat' dir='ltr'>omnes</span> <span class='ocrx_word' id='word_1_167' title='bbox 804 1874 1017 1915; x_wconf 89' lang='lat' dir='ltr'>mirantur</span> <span class='ocrx_word' id='word_1_168' title='bbox 1032 1904 1042 1922; x_wconf 89' lang='lat'>,</span> <span class='ocrx_word' id='word_1_169' title='bbox 1088 1869 1371 1911; x_wconf 82' lang='lat' dir='ltr'>constantiam</span> <span class='ocrx_word' id='word_1_170' title='bbox 1408 1866 1507 1909; x_wconf 90' lang='lat' dir='ltr'>ullis</span> <span class='ocrx_word' id='word_1_171' title='bbox 1540 1882 1732 1925; x_wconf 86' lang='lat' dir='ltr'>unquam</span> <span class='ocrx_word' id='word_1_172' title='bbox 1773 1865 2035 1926; x_wconf 77' lang='lat' dir='ltr'>profectibus</span> 
     </span>
     <span class='ocr_line' id='line_1_22' title="bbox 620 1945 2033 2011; baseline -0.007 -16"><span class='ocrx_word' id='word_1_173' title='bbox 620 1952 880 2011; x_wconf 61' lang='lat' dir='ltr'>aequavisset.</span> <span class='ocrx_word' id='word_1_174' title='bbox 920 1949 1178 2005; x_wconf 75' lang='lat' dir='ltr'>Nunquam,</span> <span class='ocrx_word' id='word_1_175' title='bbox 1220 1946 1254 1987; x_wconf 89' lang='lat' dir='ltr'>si</span> <span class='ocrx_word' id='word_1_176' title='bbox 1293 1945 1618 2004; x_wconf 70' lang='lat' dir='ltr'>supervixisset,</span> <span class='ocrx_word' id='word_1_177' title='bbox 1654 1953 1820 1987; x_wconf 88' lang='lat' dir='ltr'>tantum</span> <span class='ocrx_word' id='word_1_178' title='bbox 1855 1954 2002 1986; x_wconf 83' lang='lat' dir='ltr'>vestrae</span> <span class='ocrx_word' id='word_1_179' title='bbox 2023 1977 2033 1996; x_wconf 87' lang='lat'>‚</span> 
     </span>
     <span class='ocr_line' id='line_1_23' title="bbox 623 2021 2036 2088; baseline -0.006 -16"><span class='ocrx_word' id='word_1_180' title='bbox 623 2039 831 2088; x_wconf 87' lang='lat' dir='ltr'>quantum</span> <span class='ocrx_word' id='word_1_181' title='bbox 863 2042 939 2068; x_wconf 80' lang='lat' dir='ltr'>vos</span> <span class='ocrx_word' id='word_1_182' title='bbox 966 2035 1007 2067; x_wconf 86' lang='lat' dir='ltr'>et</span> <span class='ocrx_word' id='word_1_183' title='bbox 1030 2023 1145 2065; x_wconf 85' lang='lat' dir='ltr'>illius</span> <span class='ocrx_word' id='word_1_184' title='bbox 1177 2033 1218 2065; x_wconf 92' lang='lat' dir='ltr'>et</span> <span class='ocrx_word' id='word_1_185' title='bbox 1243 2032 1390 2064; x_wconf 82' lang='lat' dir='ltr'>vestrae</span> <span class='ocrx_word' id='word_1_186' title='bbox 1412 2031 1625 2080; x_wconf 83' lang='lat' dir='ltr'>perpetuae</span> <span class='ocrx_word' id='word_1_187' title='bbox 1654 2021 1779 2064; x_wconf 87' lang='lat' dir='ltr'>saluti</span> <span class='ocrx_word' id='word_1_188' title='bbox 1806 2036 2036 2080; x_wconf 86' lang='lat' dir='ltr'>procurare</span> 
     </span>
     <span class='ocr_line' id='line_1_24' title="bbox 626 2098 2038 2165; baseline -0.006 -17"><span class='ocrx_word' id='word_1_189' title='bbox 626 2106 844 2165; x_wconf 85' lang='lat' dir='ltr'>potuisset.</span> <span class='ocrx_word' id='word_1_190' title='bbox 865 2103 927 2145; x_wconf 93' lang='lat' dir='ltr'>Ac</span> <span class='ocrx_word' id='word_1_191' title='bbox 945 2117 1021 2161; x_wconf 83' lang='lat' dir='ltr'>per</span> <span class='ocrx_word' id='word_1_192' title='bbox 1031 2101 1132 2153; x_wconf 90' lang='lat' dir='ltr'>hoc,</span> <span class='ocrx_word' id='word_1_193' title='bbox 1151 2100 1356 2158; x_wconf 88' lang='lat' dir='ltr'>quoniam</span> <span class='ocrx_word' id='word_1_194' title='bbox 1375 2098 1479 2141; x_wconf 91' lang='lat' dir='ltr'>dum</span> <span class='ocrx_word' id='word_1_195' title='bbox 1498 2099 1541 2140; x_wconf 91' lang='lat' dir='ltr'>in</span> <span class='ocrx_word' id='word_1_196' title='bbox 1560 2099 1642 2141; x_wconf 83' lang='lat' dir='ltr'>hoc</span> <span class='ocrx_word' id='word_1_197' title='bbox 1659 2098 1805 2157; x_wconf 79' lang='lat' dir='ltr'>fragili</span> <span class='ocrx_word' id='word_1_198' title='bbox 1821 2114 2038 2141; x_wconf 84' lang='lat' dir='ltr'>versamur</span> 
     </span>
     <span class='ocr_line' id='line_1_25' title="bbox 630 2176 2037 2242; baseline -0.006 -16"><span class='ocrx_word' id='word_1_199' title='bbox 630 2197 807 2242; x_wconf 87' lang='lat' dir='ltr'>corpore</span> <span class='ocrx_word' id='word_1_200' title='bbox 822 2214 832 2233; x_wconf 89' lang='lat'>,</span> <span class='ocrx_word' id='word_1_201' title='bbox 851 2180 971 2223; x_wconf 90' lang='lat' dir='ltr'>omni</span> <span class='ocrx_word' id='word_1_202' title='bbox 986 2177 1308 2237; x_wconf 88' lang='lat' dir='ltr'>perturbatione</span> <span class='ocrx_word' id='word_1_203' title='bbox 1326 2177 1382 2219; x_wconf 86' lang='lat' dir='ltr'>ita</span> <span class='ocrx_word' id='word_1_204' title='bbox 1398 2191 1550 2218; x_wconf 88' lang='lat' dir='ltr'>vacare</span> <span class='ocrx_word' id='word_1_205' title='bbox 1569 2192 1655 2218; x_wconf 92' lang='lat' dir='ltr'>non</span> <span class='ocrx_word' id='word_1_206' title='bbox 1674 2191 1914 2234; x_wconf 86' lang='lat' dir='ltr'>possumus,</span> <span class='ocrx_word' id='word_1_207' title='bbox 1933 2176 2037 2234; x_wconf 91' lang='lat' dir='ltr'>quin</span> 
     </span>
     <span class='ocr_line' id='line_1_26' title="bbox 631 2252 2039 2317; baseline -0.005 -16"><span class='ocrx_word' id='word_1_208' title='bbox 631 2257 860 2317; x_wconf 86' lang='lat' dir='ltr'>aliquando</span> <span class='ocrx_word' id='word_1_209' title='bbox 879 2256 1020 2315; x_wconf 84' lang='lat' dir='ltr'>aliqua</span> <span class='ocrx_word' id='word_1_210' title='bbox 1030 2253 1296 2313; x_wconf 65' lang='lat' dir='ltr'>aegritudinis</span> <span class='ocrx_word' id='word_1_211' title='bbox 1310 2252 1503 2296; x_wconf 89' lang='lat' dir='ltr'>molestia</span> <span class='ocrx_word' id='word_1_212' title='bbox 1517 2253 1777 2311; x_wconf 87' lang='lat' dir='ltr'>quatiamur,</span> <span class='ocrx_word' id='word_1_213' title='bbox 1793 2252 1910 2311; x_wconf 90' lang='lat' dir='ltr'>quod</span> <span class='ocrx_word' id='word_1_214' title='bbox 1920 2267 2039 2312; x_wconf 90' lang='lat' dir='ltr'>posse</span> 
     </span>
     <span class='ocr_line' id='line_1_27' title="bbox 633 2329 2041 2393; baseline -0.004 -16"><span class='ocrx_word' id='word_1_215' title='bbox 633 2334 810 2393; x_wconf 87' lang='lat' dir='ltr'>sapienti</span> <span class='ocrx_word' id='word_1_216' title='bbox 825 2332 1072 2389; x_wconf 80' lang='lat' dir='ltr'>contingere</span> <span class='ocrx_word' id='word_1_217' title='bbox 1083 2330 1330 2390; x_wconf 88' lang='lat' dir='ltr'>philosophi</span> <span class='ocrx_word' id='word_1_218' title='bbox 1344 2339 1617 2389; x_wconf 86' lang='lat' dir='ltr'>putaverunt,</span> <span class='ocrx_word' id='word_1_219' title='bbox 1636 2329 1719 2372; x_wconf 91' lang='lat' dir='ltr'>hoc</span> <span class='ocrx_word' id='word_1_220' title='bbox 1736 2329 1856 2372; x_wconf 87' lang='lat' dir='ltr'>vobis</span> <span class='ocrx_word' id='word_1_221' title='bbox 1871 2329 2041 2372; x_wconf 88' lang='lat' dir='ltr'>evenire</span> 
     </span>
     <span class='ocr_line' id='line_1_28' title="bbox 634 2407 2043 2471; baseline -0.004 -17"><span class='ocrx_word' id='word_1_222' title='bbox 634 2422 775 2471; x_wconf 88' lang='lat' dir='ltr'>optem</span> <span class='ocrx_word' id='word_1_223' title='bbox 789 2444 799 2462; x_wconf 79' lang='lat'>,</span> <span class='ocrx_word' id='word_1_224' title='bbox 823 2420 871 2452; x_wconf 91' lang='lat' dir='ltr'>ut</span> <span class='ocrx_word' id='word_1_225' title='bbox 888 2425 1007 2451; x_wconf 86' lang='lat' dir='ltr'>casus</span> <span class='ocrx_word' id='word_1_226' title='bbox 1027 2409 1243 2462; x_wconf 84' lang='lat' dir='ltr'>adversos,</span> <span class='ocrx_word' id='word_1_227' title='bbox 1257 2418 1304 2451; x_wconf 88' lang='lat' dir='ltr'>ut</span> <span class='ocrx_word' id='word_1_228' title='bbox 1325 2408 1465 2467; x_wconf 91' lang='lat' dir='ltr'>primo</span> <span class='ocrx_word' id='word_1_229' title='bbox 1484 2417 1655 2466; x_wconf 87' lang='lat' dir='ltr'>aspectu</span> <span class='ocrx_word' id='word_1_230' title='bbox 1678 2417 1868 2466; x_wconf 85' lang='lat' dir='ltr'>apparet,</span> <span class='ocrx_word' id='word_1_231' title='bbox 1887 2407 2043 2465; x_wconf 89' lang='lat' dir='ltr'>quibus</span> 
     </span>
     <span class='ocr_line' id='line_1_29' title="bbox 634 2483 2043 2547; baseline -0.005 -15"><span class='ocrx_word' id='word_1_232' title='bbox 634 2489 764 2547; x_wconf 82' lang='lat' dir='ltr'>vulgo</span> <span class='ocrx_word' id='word_1_233' title='bbox 781 2485 943 2529; x_wconf 85' lang='lat' dir='ltr'>inculta</span> <span class='ocrx_word' id='word_1_234' title='bbox 961 2485 1207 2528; x_wconf 89' lang='lat' dir='ltr'>mortalium</span> <span class='ocrx_word' id='word_1_235' title='bbox 1227 2483 1458 2529; x_wconf 90' lang='lat' dir='ltr'>multitudo</span> <span class='ocrx_word' id='word_1_236' title='bbox 1482 2484 1716 2539; x_wconf 86' lang='lat' dir='ltr'>subruitur,</span> <span class='ocrx_word' id='word_1_237' title='bbox 1727 2494 1874 2528; x_wconf 83' lang='lat' dir='ltr'>vestrae</span> <span class='ocrx_word' id='word_1_238' title='bbox 1891 2484 2043 2526; x_wconf 87' lang='lat' dir='ltr'>mentis</span> 
     </span>
     <span class='ocr_line' id='line_1_30' title="bbox 635 2562 2043 2625; baseline -0.004 -16"><span class='ocrx_word' id='word_1_239' title='bbox 635 2565 843 2625; x_wconf 87' lang='lat' dir='ltr'>sapientia</span> <span class='ocrx_word' id='word_1_240' title='bbox 867 2563 1021 2606; x_wconf 82' lang='lat' dir='ltr'>sensim</span> <span class='ocrx_word' id='word_1_241' title='bbox 1054 2562 1266 2613; x_wconf 75' lang='lat' dir='ltr'>emolliat,</span> <span class='ocrx_word' id='word_1_242' title='bbox 1289 2563 1420 2605; x_wconf 90' lang='lat' dir='ltr'>immo</span> <span class='ocrx_word' id='word_1_243' title='bbox 1449 2562 1603 2605; x_wconf 81' lang='lat' dir='ltr'>divinae</span> <span class='ocrx_word' id='word_1_244' title='bbox 1634 2562 1845 2605; x_wconf 83' lang='lat' dir='ltr'>voluntati</span> <span class='ocrx_word' id='word_1_245' title='bbox 1862 2571 2043 2604; x_wconf 84' lang='lat' dir='ltr'>vestram</span> 
     </span>
     <span class='ocr_line' id='line_1_31' title="bbox 636 2637 2044 2699; baseline -0.005 -14"><span class='ocrx_word' id='word_1_246' title='bbox 636 2649 940 2699; x_wconf 82' lang='lat' dir='ltr'>contemperet.</span> <span class='ocrx_word' id='word_1_247' title='bbox 954 2637 1137 2690; x_wconf 80' lang='lat' dir='ltr'>Deinde,</span> <span class='ocrx_word' id='word_1_248' title='bbox 1147 2640 1248 2696; x_wconf 90' lang='lat' dir='ltr'>quia</span> <span class='ocrx_word' id='word_1_249' title='bbox 1258 2640 1352 2682; x_wconf 73' lang='lat' dir='ltr'>vitae</span> <span class='ocrx_word' id='word_1_250' title='bbox 1370 2639 1500 2696; x_wconf 82' lang='lat' dir='ltr'>hujus</span> <span class='ocrx_word' id='word_1_251' title='bbox 1513 2639 1836 2682; x_wconf 88' lang='lat' dir='ltr'>obscurissimas</span> <span class='ocrx_word' id='word_1_252' title='bbox 1850 2638 2044 2682; x_wconf 85' lang='lat' dir='ltr'>tenebras</span> 
     </span>
    </p>
   </div>
   <div class='ocr_carea' id='block_1_2' title="bbox 682 2815 1355 2862">
    <p class='ocr_par' dir='ltr' id='par_1_3' title="bbox 682 2815 1355 2862">
     <span class='ocr_line' id='line_1_32' title="bbox 682 2815 1355 2862; baseline -0.009 -10"><span class='ocrx_word' id='word_1_253' title='bbox 682 2819 732 2862; x_wconf 83' lang='grc' dir='ltr'>(ι)</span> <span class='ocrx_word' id='word_1_254' title='bbox 757 2816 813 2850; x_wconf 80' lang='lat' dir='ltr'>Cf.</span> <span class='ocrx_word' id='word_1_255' title='bbox 833 2815 967 2850; x_wconf 73' lang='lat' dir='ltr'>Gonos.</span> <span class='ocrx_word' id='word_1_256' title='bbox 991 2827 1050 2858; x_wconf 74' lang='grc' dir='ltr'>ιιι,</span> <span class='ocrx_word' id='word_1_257' title='bbox 1075 2815 1355 2861; x_wconf 67' lang='lat' dir='ltr'>19(Septuag.).</span> 
     </span>
    </p>
   </div>
  </div>
 </body>
</html>
