2105 3348
566 322 643 361 426
1008 317 1261 355 ElNHARDI
1296 316 1527 355 CHARTAE.

563 410 836 447 nostrorum
859 396 1078 459 delegasti
1097 405 1237 459 atque
1257 395 1475 454 firmasti,
1502 396 1580 442 sed
1602 407 1759 459 postea
1781 407 1857 444 tua
1878 398 1970 444 fuit

561 477 757 540 petitio,
799 485 845 519 et
879 484 1038 520 nostra
1074 490 1171 520 non
1205 473 1453 538 denegavit
1478 473 1719 530 voluntas,
1747 485 1800 520 ut
1825 476 1970 539 ipsam

560 569 661 598 rem
680 561 725 598 et
750 550 824 596 illa
846 560 986 604 terra,
1006 549 1135 614 quod
1154 548 1476 596 Thiodsumda
1493 548 1675 605 habuit,
1696 568 1780 613 per
1794 550 1969 598 benefi-

562 629 688 674 cium
708 638 925 675 nostrum
943 627 1029 674 tibi
1046 626 1318 675 Nordberto
1335 627 1425 674 hoc
1437 627 1816 691 prestitissemus.
1834 629 1971 688 Quod

562 705 622 750 ita
642 715 689 750 et
713 704 909 751 fecimus
923 723 936 761 ;
969 717 1015 752 et
1036 704 1093 751 ad
1116 722 1315 752 onorem
1344 714 1479 750 tuum
1504 705 1694 770 quando
1719 705 1971 770 aliquantis

561 780 855 845 temporibus
869 781 925 828 ad
942 783 1281 830 monasterium
1300 793 1521 828 nostrum
1538 783 1740 838 venires,
1765 782 1850 828 tibi
1867 800 1973 846 pro-

560 859 758 906 vendam
779 860 889 907 dare
913 860 1153 917 faciamus,
1184 870 1231 906 et
1254 877 1342 924 pro
1367 877 1454 905 usu
1478 860 1741 906 fructuario
1765 859 1821 907 de
1855 860 1973 923 ipsas

560 953 632 982 res
652 935 790 982 nobis
813 954 1003 983 censum
1024 937 1182 983 levasti
1207 947 1260 981 ut
1277 937 1411 982 annis
1436 936 1648 1001 singulis,
1672 937 1728 982 ad
1747 936 1972 983 festivita-

563 1023 654 1059 tem
680 1015 840 1060 Sancti
864 1014 1080 1071 Martini,
1109 1014 1218 1060 dare
1245 1013 1408 1061 debeas
1435 1011 1651 1060 denarios
1671 1030 1724 1070 11,
1747 1025 1793 1060 et
1819 1014 1971 1077 ipsum

561 1107 752 1137 censum
770 1091 945 1138 debent
958 1091 1125 1138 fratres
1139 1092 1365 1156 accipere.
1387 1094 1448 1139 Et
1466 1092 1529 1137 sic
1548 1091 1686 1138 nobis
1702 1092 1973 1155 conplacuit

561 1180 700 1232 atque
725 1170 946 1215 convenit
974 1179 1027 1213 ut
1046 1170 1163 1232 ipsas
1187 1187 1260 1215 res
1287 1187 1372 1215 nec
1395 1169 1610 1215 venderis
1626 1204 1637 1225 ‚
1657 1187 1743 1216 nec
1762 1169 1968 1223 donaris,

561 1264 647 1293 nec
663 1247 896 1302 alienaris,
915 1264 1002 1293 nec
1020 1245 1377 1302 concambiaris,
1396 1247 1545 1292 necin
1570 1246 1704 1293 nullo
1723 1245 1970 1310 naufragio

560 1325 749 1370 mittere
778 1324 1016 1370 licentiam
1041 1342 1138 1371 non
1166 1323 1357 1378 habeas;
1388 1324 1477 1369 nisi
1511 1334 1715 1380 tantum,
1746 1324 1859 1369 dum
1890 1323 1970 1368 diu
2017 1385 2020 1389 .

559 1401 806 1460 advixeris,
828 1403 1001 1448 usitare
1021 1412 1067 1448 et
1092 1401 1367 1448 emeliorare
1386 1401 1540 1446 facias.
1559 1403 1638 1456 Et,
1657 1411 1764 1464 post
1783 1400 1970 1447 obitum

563 1493 715 1538 tuum,
746 1483 874 1547 quod
904 1493 956 1528 tu
978 1485 1256 1546 comparasti
1282 1483 1399 1529 etin
1429 1482 1661 1529 beneficio
1694 1492 1860 1529 nostro
1886 1481 1971 1527 ha-

560 1559 720 1615 buisti,
744 1572 790 1607 et
812 1561 889 1607 illa
904 1561 1037 1608 alode
1055 1561 1184 1626 quod
1203 1572 1336 1607 antea
1358 1561 1608 1619 tradidisti,
1627 1560 1684 1606 ab
1707 1561 1788 1607 illo
1800 1560 1875 1606 die
1891 1560 1971 1607 has

558 1653 630 1682 res
657 1636 825 1684 fratres
846 1637 934 1684 hoc
954 1635 1125 1683 habere
1155 1637 1357 1684 debeant
1388 1637 1444 1683 acl
1471 1654 1681 1683 mensam
1705 1647 1750 1683 et
1774 1636 1831 1683 ad
1853 1654 1970 1700 opus

561 1730 743 1760 eorum.
758 1717 818 1760 Et
829 1714 1065 1761 Odbertus
1077 1715 1211 1761 liceat
1226 1715 1494 1779 percensire
1512 1714 1599 1762 hoc
1615 1714 1742 1761 clero
1757 1714 1830 1760 vel
1842 1713 1888 1759 d.
1912 1732 1964 1768 11,

557 1799 605 1836 et
624 1791 774 1854 ipsum
795 1808 987 1837 censum
1006 1791 1181 1838 debent
1200 1791 1368 1838 fratres
1382 1792 1609 1855 accipere,
1632 1791 1713 1855 qui
1733 1791 1856 1836 infra
1869 1807 1969 1837 mo—

558 1867 764 1913 nasterio
785 1877 912 1924 sunt,
941 1868 988 1930 in
1005 1869 1320 1914 anniversaria
1342 1869 1410 1913 tui
1429 1885 1515 1931 pro
1535 1868 1690 1913 anima
1714 1877 1809 1912 tua.
1832 1867 1966 1913 Facta

556 1945 781 2008 prestaria
814 1946 861 1991 in
888 1947 1178 1993 monasterio
1197 1946 1448 1994 Blandinio
1468 1945 1662 2010 publico
1687 1944 1774 1990 sub
1801 1946 1876 1993 die
1896 1962 1965 1992 xu

555 2018 648 2066 kal.
677 2021 817 2068 Febr.
850 2040 977 2070 anno
1007 2040 1089 2070 xvi
1122 2034 1350 2088 regnante
1376 2022 1557 2071 domno
1589 2033 1757 2070 nostro
1780 2022 1967 2069 Hludo-

554 2099 675 2146 wico
694 2100 1033 2164 gloriosissimo
1058 2103 1361 2166 imperatore.

608 2209 639 2259 †
668 2208 749 2246 Eoo
769 2209 992 2248 Emmnnns
1006 2225 1115 2250 ABBAS
1136 2225 1352 2250 RECOGNOVI
1373 2226 1420 2249 ΕΤ
1440 2225 1657 2251 sunscmpsx.
1675 2211 1848 2264 —Sigm
1873 2211 1965 2264 Ege—

662 2277 786 2315 shario
806 2278 1059 2318 vicedomino.
1078 2279 1247 2332 —Sigm
1271 2279 1458 2317 Badurico
1479 2288 1604 2317 custus
1625 2280 1707 2328 (sic)
1728 2279 1962 2331 presbytero.

663 2343 835 2396 ω-δίἓτιμ
860 2345 1092 2397 Winegario
1116 2346 1259 2384 decano
1290 2347 1523 2398 presbytero.
1540 2369 1595 2376 —
1610 2346 1714 2398 Sign.
1740 2346 1965 2384 Fletuualdo

664 2411 897 2462 presbytero,
912 2434 964 2440 -
976 2412 1080 2464 Sign.
1104 2412 1360 2451 Ermcnlando
1375 2414 1608 2466 presbytero,
1627 2436 1679 2443 —
1693 2414 1796 2466 Sign.
1819 2414 1966 2466 Regen-

664 2478 806 2516 mundo
841 2479 1074 2530 presbytero.
1109 2501 1163 2508 ——
1192 2479 1295 2532 Sign.
1339 2480 1608 2533 Thegenlando
1645 2481 1874 2533 presbytero.
1912 2504 1965 2510 —

661 2567 714 2575 —-
730 2545 835 2598 Sign.
861 2545 1075 2598 Hrodgario
1097 2547 1270 2588 diacono.
1289 2570 1340 2577 -
1358 2548 1462 2601 Sign.
1492 2548 1686 2586 Johannus
1707 2550 1789 2597 (sic)
1810 2547 1965 2586 subdia-

662 2629 771 2651 cono.
790 2613 963 2666 ——Sign.
1001 2614 1115 2652 Odric
1146 2615 1390 2656 subdiacmm.
1407 2616 1577 2669 —Sigm
1610 2615 1851 2654 Teutmundo
1883 2616 1966 2654 cle-

661 2683 752 2720 rico.
771 2683 943 2735 —Sigm
969 2683 1200 2721 Folcuuinzo
1221 2684 1368 2722 clerico.
1388 2707 1441 2713 —-
1461 2685 1566 2737 Sign.
1594 2685 1788 2736 sigeberto
1810 2684 1958 2721 clerico.

662 2770 714 2777 ——
729 2748 834 2800 Sign.
861 2747 1085 2787 Brunhardo
1117 2749 1266 2787 clerico.
1284 2773 1338 2779 --
1353 2750 1458 2801 Sign.
1490 2750 1689 2804 Adalgario
1719 2750 1893 2788 diacono.
1911 2771 1965 2778 —--

660 2815 763 2863 Sign.
797 2814 1032 2867 Egelinundo
1063 2817 1293 2869 presbytero.
1313 2818 1480 2866 -Sigw
1520 2816 1772 2855 Erclicninaro
1806 2816 1961 2868 presby-

662 2891 751 2920 ιντο.
771 2905 822 2910 -—
842 2882 921 2919 Euo
945 2883 1140 2921 Rimmnus
1161 2899 1327 2922 PRESBYT.
1351 2898 1495 2922 SCRlpsl.
