2105 3348
549 273 601 310 20·
977 267 1233 307 ElNHARDI
1264 268 1534 311 EPISTOLAE.

546 369 655 397 cum
676 368 755 397 sua
778 362 825 398 et
851 361 927 396 tua
950 350 1123 413 gratia,
1152 349 1380 398 feminam
1405 353 1556 412 illam,
1582 373 1725 421 quam
1750 355 1956 419 accepit,

548 427 735 474 habere.
765 427 891 491 Opto
915 435 970 471 ut
993 443 1177 490 semper
1201 426 1322 476 bene
1346 429 1535 478 valeatis
1559 432 1642 495 [in
1663 432 1913 495 Domino]

845 579 958 618 XVI.
992 581 1058 619 AD
1089 582 1379 621 HATTONEM
1411 583 1669 623 COMITEM.

1147 688 1204 726 De
1233 689 1344 727 venia

616 793 934 840 Dilectissimo
951 794 1105 841 amico
1128 805 1294 842 nostro
1318 795 1534 852 Hattoni,
1556 796 1766 860 glorioso
1785 799 1968 855 comiti,

550 870 816 918 Einhardus
849 882 1077 918 aeternam
1112 873 1160 919 in
1191 873 1401 921 Domino
1428 874 1645 922 salutem.
1677 904 1739 912 -·
1770 875 1972 936 Quidam

550 949 698 998 homo
723 960 895 1006 vester,
915 951 1113 998 nomine
1133 952 1311 999 Hunno
1326 987 1338 1008 ‚
1360 952 1492 999 venit
1514 952 1572 999 ad
1594 953 1758 999 limina
1779 965 1974 1001 sancto-

550 1045 661 1074 rum
695 1028 959 1075 Marcellini
1000 1038 1048 1075 et
1081 1029 1237 1089 Petri,
1275 1030 1459 1076 veniam
1504 1031 1750 1095 postulans
1788 1049 1879 1096 pro
1918 1049 1974 1079 eo

550 1107 681 1171 quod
720 1124 995 1154 conservam
1036 1124 1168 1154 suam
1190 1144 1203 1164 ,
1248 1108 1467 1154 ancillam
1510 1119 1714 1156 vestram
1733 1145 1748 1168 ‚
1792 1107 1880 1156 sibi
1925 1109 1974 1155 in

547 1184 832 1249 conjugium
858 1185 1077 1232 sociasset
1097 1187 1197 1233 sine
1221 1197 1376 1232 vestra
1402 1187 1631 1250 jussione.
1661 1188 1863 1251 Propter
1886 1185 1976 1234 hoc

549 1279 802 1326 precamur
826 1261 1172 1326 benignitatem
1198 1273 1402 1309 vestram
1426 1273 1482 1309 ut
1505 1281 1529 1310 a
1554 1263 1691 1311 vobis
1721 1263 1977 1329 indulgen-

551 1340 667 1386 tiam
687 1339 745 1386 de
768 1338 857 1387 hoc
879 1340 1007 1387 facto
1025 1341 1269 1405 percipere
1290 1350 1550 1398 mereatur,
1579 1342 1615 1387 si
1635 1342 1862 1388 delictum
1881 1344 1979 1406 ejus

551 1422 687 1465 venia
711 1419 912 1483 dignum
936 1417 1082 1465 fuerit
1115 1419 1385 1466 inventum.
1416 1417 1543 1484 Opto
1568 1429 1622 1464 ut
1645 1436 1831 1484 semper
1855 1418 1979 1466 bene

554 1494 743 1542 valeatis
769 1495 820 1541 in
846 1495 1070 1542 Domino.

845 1729 979 1770 XVII.
1012 1732 1079 1770 AD
1110 1731 1403 1770 HRABANUM
1434 1732 1689 1771 ABBATEM.

622 1837 1025 1884 Reverentissimo
1043 1836 1218 1884 Christi
1242 1838 1424 1886 famulo
1446 1838 1671 1887 Hrabano
1684 1875 1697 1897 ,
1719 1839 1980 1888 venerabili

555 1913 744 1972 abbati,
773 1914 1043 1962 Einhardus
1067 1926 1303 1980 peccator.
1319 1945 1383 1951 —-
1400 1917 1603 1977 Quidam
1629 1916 1774 1966 homo
1801 1927 1979 1974 vester,

557 1993 754 2042 nomine
776 1993 1088 2041 Gundhartus
1103 2030 1116 2053 ‚
1141 1995 1329 2060 rogavit
1350 2013 1438 2043 nos
1456 2013 1546 2061 pro
1571 2013 1619 2043 se
1636 1995 1761 2061 apud
1778 2007 1983 2043 vestram

558 2072 860 2119 sanctitatem
892 2072 1214 2130 intercedere,
1252 2084 1334 2130 ut,
1367 2074 1468 2120 sine
1500 2074 1764 2122 offensione
1794 2083 1979 2130 vestra,

559 2149 708 2196 immo
746 2167 855 2196 cum
890 2151 1041 2214 gratia
1077 2161 1255 2207 vestra,
1291 2150 1380 2197 sibi
1413 2151 1552 2199 liceat
1582 2152 1674 2198 iter
1701 2151 1979 2208 exercitale,

557 2227 689 2292 quod
724 2228 948 2292 praesenti
982 2238 1199 2292 tempore
1229 2228 1465 2293 agendum
1498 2240 1595 2285 est,
1634 2229 1891 2286 omittere,
1931 2245 1984 2275 ac

557 2304 689 2352 domi
711 2321 957 2352 remanere
981 2305 1079 2368 (1);
1103 2322 1310 2353 asserens
1329 2324 1376 2354 se
1401 2306 1456 2353 ad
1486 2306 1607 2353 hanc
1631 2309 1985 2354 remansionem

561 2401 729 2447 magna
761 2383 868 2448 cogi
895 2384 1193 2441 necessitate,
1219 2402 1309 2449 pro
1337 2402 1393 2433 eo
1429 2384 1560 2449 quod
1591 2384 1797 2432 faidosus
1823 2385 1910 2442 sit,
1938 2395 1985 2432 et

559 2479 670 2507 cum
697 2461 901 2508 inimicis
935 2462 1028 2508 suis
1062 2472 1110 2510 et
1144 2462 1240 2521 his,
1275 2464 1359 2529 qui
1393 2464 1504 2510 vitae
1539 2465 1635 2528 ejus
1671 2463 1981 2520 insidiantur,

562 2537 652 2585 hoc
676 2539 764 2585 iter
782 2556 925 2603 agere
937 2556 1037 2586 non
1055 2540 1245 2598 audeat,
1263 2541 1529 2605 praesertim
1549 2559 1659 2588 cum
1678 2541 1762 2590 illo
1782 2541 1981 2597 comite,

561 2634 672 2663 cum
696 2634 794 2682 quo
820 2617 886 2665 ire
902 2616 1126 2682 jubetur,
1163 2637 1306 2685 quem
1338 2619 1426 2666 sibi
1451 2619 1569 2667 dicit
1590 2638 1686 2668 esse
1717 2619 1985 2667 inimicissi-

605 2784 655 2825 (ι)
684 2783 780 2818 Edit.
800 2796 957 2820 manere.
