2105 3348
631 273 705 309 238
922 266 1162 304 HISTORIA
1192 264 1605 315 TRANSLATIONIS,
1637 281 1716 306 mc.

631 356 829 393 stantem
851 343 1023 389 habens
1049 353 1261 406 pontem.
1285 342 1355 389 Act
1376 360 1516 406 quem
1536 346 1773 391 venientes
1788 380 1802 404 ,
1829 354 2021 409 propter

632 419 1007 477 multitudinem,
1031 437 1137 484 quae
1165 438 1251 467 nos
1276 437 1480 484 eousque
1502 419 1558 467 de
1580 422 1751 485 palatio
1772 440 2025 487 proseque-

630 500 789 553 batur,
807 499 998 561 jamque
1021 498 1172 544 redire
1195 496 1409 552 volebat,
1444 507 1496 542 ut
1519 499 1684 545 orandi
1710 499 1868 546 locum
1891 499 2026 546 habe-

629 587 725 631 ret,
757 592 1010 638 parumper
1043 576 1357 622 constitimus.
1387 575 1456 621 lbi
1483 575 1669 640 quidam
1697 576 1753 623 de
1780 576 2025 623 orantibus

629 670 735 698 cum
756 652 847 699 alio
871 651 926 697 ad
950 652 1169 715 reliquias
1188 651 1425 709 accedens,
1454 653 1725 718 sociumque
1740 653 1991 717 respiciens
2012 674 2022 698 :

632 751 653 774 «
670 731 868 792 Propter
885 747 1113 788 amorem,
1128 731 1298 795 inquit,
1314 740 1453 794 atque
1469 730 1699 777 honorem
1716 730 1849 794 hujus
1863 731 2024 786 sancti,

630 825 721 854 mre
742 808 896 853 alieno
913 843 925 863 ‚
951 818 1145 871 propter
1164 808 1292 871 quod
1314 817 1359 854 te
1376 807 1490 853 mihi
1519 807 1779 855 obnoxium
1809 825 1903 855 esse
1926 825 2024 854 non

632 886 836 949 ignoras,
851 884 1061 932 absolvo.
1082 908 1103 928 n
1124 884 1335 932 Debebat
1359 886 1484 932 enim
1503 886 1562 943 ei,
1589 897 1640 931 ut
1660 887 1754 950 ipse
1772 885 2024 941 fatebatur,

631 961 875 1008 dimidiam
894 963 1075 1026 argenti
1102 962 1288 1008 libram.
1323 963 1533 1027 Itemque
1555 963 1671 1009 alter
1693 964 1870 1008 socium
1892 980 2025 1009 suum

633 1056 774 1084 manu
800 1038 1193 1103 comprehensum
1216 1038 1271 1084 ad
1294 1039 1513 1103 reliquias
1539 1040 1754 1085 trahens:
1780 1041 2025 1093 «Patrem,

631 1117 718 1173 ait,
746 1134 901 1163 meum
935 1117 1171 1175 occidisti,
1219 1135 1269 1163 ac
1305 1117 1504 1181 proinde
1547 1118 1725 1163 inimici
1758 1135 1938 1164 eramus
1973 1116 2029 1162 ad

632 1195 833 1240 invicem
854 1213 867 1250 3
895 1211 1022 1240 nune
1045 1205 1200 1240 autem
1215 1229 1226 1250 ,
1263 1204 1459 1258 propter
1482 1211 1690 1240 amorem
1710 1205 1848 1258 atque
1872 1192 2029 1240 hono-

631 1288 731 1317 rem
755 1271 869 1327 Dei,
904 1283 951 1317 et
976 1270 1111 1334 hujus
1143 1272 1315 1326 saneti,
1349 1270 1556 1335 deposita
1583 1271 1843 1330 simultate,
1873 1270 2029 1317 foedus

632 1359 786 1395 tecum
818 1350 1016 1413 J'ungere
1059 1360 1199 1413 atque
1225 1349 1344 1395 inire
1368 1349 1505 1405 volo,
1542 1359 1596 1394 ut
1618 1348 1790 1395 abhinc
1821 1349 1868 1394 in
1899 1348 2031 1393 futu-

633 1445 737 1472 rum
776 1437 1001 1491 perpetua
1041 1428 1164 1474 inter
1190 1445 1275 1473 nos
1304 1427 1506 1473 amicitia
1542 1437 1810 1491 permaneat
1837 1446 1845 1472 :
1878 1427 2030 1491 sitque

633 1503 708 1550 hie
739 1505 935 1550 Sanctus
972 1506 1203 1552 condictae
1242 1507 1289 1551 in
1319 1506 1521 1551 invicem
1549 1506 1752 1551 caritatis
1794 1505 1944 1561 testis,
1984 1513 2030 1550 et

635 1581 762 1627 ultor
788 1582 834 1627 in
861 1599 990 1638 eum,
1018 1583 1097 1646 qui
1132 1581 1250 1628 hanc
1276 1599 1435 1645 pacem
1466 1583 1596 1645 prior
1634 1583 1895 1646 irrumpere
1927 1592 2032 1628 ten-

639 1658 827 1703 triverit!
857 1679 880 1702 »

697 2051 748 2095 34
767 2084 775 2093 .
805 2048 892 2094 Hic
913 2048 987 2094 illa
1014 2048 1150 2095 turba
1165 2086 1178 2108 ‚
1206 2067 1314 2115 quae
1338 2049 1587 2097 nobiseum
1609 2050 1666 2097 de
1688 2051 1862 2114 palatio
1880 2052 2033 2098 fuerat

635 2143 810 2190 egressa
828 2162 840 2182 ‚
871 2125 1072 2172 adoratis
1093 2137 1231 2191 atque
1256 2129 1474 2174 osculatis
1494 2129 1633 2175 sacris
1659 2129 1868 2194 reliquiis
1883 2165 1895 2185 ‚
1924 2147 2032 2175 cum

636 2202 796 2248 multis
849 2202 1092 2266 lacrymis,
1145 2222 1256 2268 quas
1314 2223 1412 2268 prae
1459 2206 1608 2252 nimio
1645 2207 1814 2269 gaudio
1874 2207 2034 2253 conti-

640 2280 789 2326 tinere
816 2297 912 2326 non
934 2291 1144 2343 poterat,
1169 2282 1362 2328 domum
1387 2285 1642 2330 revertitur
1666 2304 1676 2329 ε
1702 2284 1786 2330 alia
1811 2284 2034 2330 multitu-

636 2356 744 2403 dine
762 2393 774 2412 ,
806 2374 912 2421 quae
939 2356 1002 2403 ihi
1031 2357 1167 2404 nobis
1198 2358 1433 2416 obviavit,
1461 2378 1547 2407 nos
1584 2362 1865 2417 comitante,
1894 2371 2034 2426 atque

638 2436 785 2498 Kyrie
801 2434 977 2504 eleison
1001 2436 1099 2482 sine
1133 2437 1480 2485 intermissione
1515 2449 1756 2494 cantante,
1795 2456 1941 2504 usque
1977 2440 2034 2484 ad

638 2530 744 2559 eum
763 2513 945 2569 locum,
975 2513 1023 2559 in
1053 2531 1148 2577 quo
1168 2515 1307 2561 simili
1326 2515 1467 2564 modo
1483 2515 1541 2562 ab
1560 2516 1659 2562 aliis
1675 2515 2034 2564 occurrentibus

638 2588 1011 2654 excipiebamur3
1032 2608 1137 2655 quae
1159 2603 1272 2638 tunc
1297 2594 1530 2652 similiter,
1548 2606 1601 2640 ut
1624 2595 1774 2658 prior⁷
1797 2594 2034 2658 supplica·-

640 2669 768 2714 tione
791 2666 928 2724 facta,
949 2668 1005 2715 ad
1025 2686 1102 2715 sua
1123 2687 1305 2716 reversa
1329 2681 1416 2717 est.
1442 2673 1542 2718 Hoc
1559 2672 1701 2720 modo
1720 2689 1804 2736 per
1827 2671 2032 2736 singulos

637 2744 756 2798 dies,
785 2762 806 2788 a
840 2746 988 2806 prima
1018 2746 1122 2792 luce
1146 2763 1292 2810 usque
1319 2747 1372 2794 ad
1399 2766 1661 2811 vesperam7
1699 2746 2034 2794 comitantibus
