2105 3348
619 294 689 332 188
911 284 1154 324 HISTORIA
1185 283 1604 332 TRANSLATIOMS,
1637 300 1714 323 m.

617 369 791 415 videret
812 363 925 429 quid
949 363 1147 418 faceret,
1168 362 1275 426 quia
1301 360 1357 408 de
1384 372 1516 424 parte
1535 380 1615 408 sua
1640 361 1762 408 nihil
1795 372 2020 418 restaret,

614 443 742 510 quod
761 459 944 506 sperare
958 449 1131 505 posset.
1154 440 1410 504 Postquam
1431 439 1529 485 haec
1549 440 1738 487 notario
1757 457 1864 486 meo
1883 439 2021 494 dixit,

613 533 659 568 et
680 521 756 566 ille
775 537 821 565 se
839 518 897 564 ab
918 535 974 565 eo
999 518 1189 563 illusum
1215 534 1267 562 ac
1293 516 1413 563 male
1433 515 1520 562 sibi
1547 516 1824 580 impositum
1851 533 2026 580 quere-

612 607 767 653 retur,
788 595 948 641 nescio
970 592 1145 659 quibus
1171 594 1303 639 vanis
1323 611 1375 639 ac
1399 592 1583 639 frivolis
1607 593 1751 639 etiam
1775 591 2026 656 presbytc-

611 692 718 720 rum
739 672 952 719 Hildoini
974 671 1225 728 allocutus,
1240 689 1320 736 spe
1339 672 1480 717 simili
1503 671 1785 726 animatum,
1808 688 1832 715 a
1851 687 1896 716 se
1915 669 2027 715 fecit

610 751 872 798 abscedere.
907 749 1141 798 Postridie
1174 767 1288 796 vero
1321 767 1427 795 cum
1461 747 1594 795 valde
1627 748 1783 794 tristes
1818 747 2023 802 xideret,

611 830 826 877 hortatus
847 839 916 875 est
931 839 982 874 ut
1002 828 1141 873 simul
1160 846 1268 874 cum
1286 827 1368 874 illo
1386 827 1442 873 ad
1464 826 1737 873 coemeteria
1754 835 2027 871 sanctorum

610 917 888 971 pergerent;
913 904 1061 951 videri
1087 903 1175 950 sibi
1203 903 1332 969 quod
1354 904 1401 949 in
1428 904 1492 949 eis
1512 901 1689 967 aliquid
1711 902 1801 948 tale
1822 901 2025 947 inveniri

609 996 789 1050 posset,
809 1001 906 1048 quo
926 1000 1093 1030 eorum
1110 982 1349 1029 desideriis
1370 981 1616 1028 satisfieret
1634 1017 1646 1037 ,
1668 998 1755 1027 nec
1776 980 1878 1026 fore
1899 979 2026 1025 illam

607 1062 932 1110 necessitatem
956 1071 1008 1106 ut
1030 1060 1076 1105 in
1101 1060 1301 1124 patriam
1329 1059 1461 1105 vacui
1487 1068 1862 1105 reverterentur.
1887 1056 2027 1102 Cum-

607 1160 699 1207 que
717 1142 781 1188 eis
811 1141 900 1187 hoc
924 1139 1176 1186 consilium
1204 1139 1481 1204 placuisset,
1507 1137 1779 1201 vellentque
1810 1146 1864 1181 ut
1885 1152 2030 1200 quan—

609 1221 760 1269 tocius
787 1219 859 1276 id,
882 1219 938 1265 ad
957 1217 1087 1284 quod
1111 1217 1386 1264 faciendum
1411 1234 1489 1264 eos
1515 1214 1814 1271 hortabatur,
1837 1212 2029 1260 inchoa-

607 1309 739 1355 rent,
782 1315 915 1345 more
955 1297 1124 1353 solito,
1163 1295 1411 1360 negotium
1449 1292 1789 1347 dissimulavit,
1832 1302 1878 1338 et
1920 1309 1998 1339 eos
2014 1327 2025 1346 ,

604 1394 813 1443 quorum
832 1376 977 1422 animi
1004 1385 1119 1421 tunc
1144 1374 1391 1438 paululum
1411 1382 1546 1420 erant
1570 1371 1734 1427 erecti,
1765 1371 1811 1416 in
1839 1379 2024 1415 tantam

605 1454 983 1519 desperationem
1035 1451 1120 1498 hac
1168 1451 1398 1499 dilatione
1446 1450 1615 1515 dejecit
1632 1486 1643 1505 ,
1706 1460 1756 1495 ut
1776 1485 1788 1504 ‚
1854 1447 2030 1495 omisso

607 1532 716 1587 illo,
739 1540 1003 1578 statuerent
1035 1530 1083 1575 in
1104 1530 1302 1593 patriam
1321 1565 1332 1585 ‚
1361 1534 1574 1594 quamvis
1606 1527 1783 1574 infecto
1803 1526 1996 1591 negoti0
2015 1562 2025 1580 ,

607 1609 800 1657 reverti.

671 1849 715 1892 7.
752 1845 843 1892 Sed
888 1846 1103 1892 notarius
1148 1862 1304 1900 meUS,
1355 1844 1565 1891 recolens
1613 1844 1854 1890 somnium
1898 1840 2029 1907 quod

606 1941 726 1988 puer
756 1941 865 1969 suus
896 1922 1104 1979 viderat,
1133 1923 1283 1987 coepit
1317 1923 1543 1969 comitem
1569 1939 1707 1968 suum
1733 1920 1914 1968 hortari
1945 1930 2026 1975 ut,

609 2002 709 2049 sine
749 2000 934 2065 hospite
977 2018 1089 2057 suo,
1134 2002 1260 2048 irent
1298 2001 1354 2047 ad
1395 2000 1696 2056 coemeteria,
1729 1999 1785 2046 ad
1820 2015 1929 2063 quae
1966 1998 2031 2043 vi-

611 2080 749 2126 senda
778 2080 855 2126 ille
876 2097 954 2127 eos
983 2098 1030 2127 se
1058 2079 1231 2127 ducere
1252 2079 1373 2127 velle
1394 2079 1631 2144 promisit.
1648 2080 1812 2144 Itaque
1833 2079 2030 2124 invento

610 2167 751 2220 atque
775 2156 1015 2204 conducto
1034 2157 1153 2204 duce
1173 2157 1488 2222 locorumque
1509 2166 1850 2211 monstratore,
1871 2155 2030 2218 primo

611 2232 667 2278 ad
686 2232 925 2278 basilicam
944 2235 1071 2281 Beati
1092 2235 1325 2289 Tiburtii,
1353 2235 1596 2300 martyris,
1620 2234 1668 2279 in
1686 2234 1758 2279 via
1782 2234 2027 2289 Lavicana,

612 2308 766 2355 tribus
790 2307 848 2354 ab
873 2309 992 2357 urbe
1017 2329 1236 2374 passuum
1261 2311 1475 2358 millibus
1492 2311 1746 2358 distantem
1765 2347 1775 2366 ‚
1798 2312 2026 2367 veniunt,

610 2388 929 2452 martyrisque
955 2388 1171 2435 tumbam
1200 2401 1375 2456 quanta
1405 2401 1606 2455 possunt
1630 2390 1874 2455 diligentia
1908 2406 2026 2436 con-

613 2465 934 2529 templantur,
974 2478 1020 2512 et
1065 2479 1232 2514 utrum
1277 2469 1373 2526 sic,
1412 2479 1466 2515 ut
1508 2469 1585 2515 alii
1624 2486 1723 2515 non
1761 2469 2025 2521 sentirent,

610 2544 781 2608 aperiri
828 2555 1014 2607 posset,
1057 2557 1187 2592 cauta
1237 2548 1663 2609 circumspectione
1707 2547 2024 2595 considerant.

610 2621 790 2668 Deinde
810 2622 856 2667 in
875 2633 1092 2687 cryptam
1113 2625 1318 2686 ejusdem
1338 2624 1544 2673 basilicae
1560 2626 1853 2690 contiguam,
1872 2626 1920 2670 in
1937 2641 2026 2689 qua

611 2698 860 2745 beatorum
892 2699 1065 2746 Christi
1102 2713 1364 2765 martyrum
1400 2704 1661 2750 Marcellini
1687 2715 1733 2750 et
1758 2703 1882 2749 Petri
1919 2719 2027 2749 cor-

610 2794 723 2839 pora
770 2790 900 2824 erant
943 2779 1198 2836 tumulata,
1238 2780 1560 2839 descendunt3
1603 2793 1744 2846 atquc
1786 2781 2024 2845 explorata
