2105 3348
609 250 685 285 226
903 244 1139 282 HISTORIA
1171 244 1587 291 TRANSLATIONIS,
1618 259 1697 284 Ere.

609 327 734 392 quod
757 325 1001 389 presbyter
1013 324 1205 387 quidam
1223 323 1432 369 Hildoini
1458 323 1658 385 abbatis,
1684 327 1764 390 qui
1787 344 1876 371 una
1896 343 2000 372 cum

609 405 794 452 notario
819 413 901 448 tuo
927 403 1118 446 Romam
1145 400 1385 464 profectus
1411 411 1505 456 est,
1534 419 1638 446 cum
1670 403 1775 448 inde
1795 413 2005 449 reverte-

611 492 775 526 rentur
790 515 802 535 ,
827 488 890 534 et,
912 479 960 523 in
991 477 1196 542 quodam
1217 478 1342 536 loco,
1362 482 1603 524 communi
1626 479 1884 525 diversorio
1905 490 2004 526 ute-

609 568 798 611 rentur,
837 557 929 601 tuis
965 555 1187 601 omnibus
1214 555 1439 601 ebrictate
1476 573 1526 600 ac
1557 573 1723 601 somno
1755 555 2003 619 depressis,

607 645 652 679 et
674 634 719 679 id
738 633 867 697 quod
890 632 1114 696 agebatur
1131 633 1317 695 penitus
1337 632 1682 697 ignorantibus,
1700 634 1886 689 scrinia,
1907 635 2010 698 qui-

608 710 693 756 bus
731 720 1001 756 sanctorum
1039 727 1238 772 corpora
1278 708 1673 765 continebantur,
1717 711 1971 773 aperuisset
1993 746 2006 767 ‚

607 803 749 851 eaque
771 786 878 832 inde
907 786 1191 841 sustulisset,
1218 797 1358 851 atque
1382 785 1542 832 abiens
1566 786 1791 833 Hildoino
1813 786 2006 832 detulis-

607 875 699 919 set,
729 873 775 910 et
793 862 936 909 modo
953 863 1075 926 apud
1092 864 1139 909 S.
1165 862 1439 909 Medardum
1457 864 1554 908 sint
1578 883 1586 908 ε
1612 864 1659 909 in
1689 863 1871 908 scriniis
1898 879 2012 909 vero

608 943 700 987 tuis
732 959 899 1005 parum
932 941 1153 1004 quiddam
1177 942 1290 986 sacri
1318 941 1524 1005 pulveris
1550 943 1823 988 remansisse
1844 977 1854 996 ,
1884 941 2012 1005 quod

608 1017 664 1063 ad
688 1029 731 1063 te
753 1034 836 1079 per
857 1017 1092 1062 notarium
1119 1027 1251 1062 tuum
1274 1017 1506 1080 perlatum
1528 1018 1604 1063 sit.
1630 1037 1649 1060 »
1674 1018 1857 1064 Horum
1873 1017 2016 1063 remi-

608 1096 815 1149 niscenS,
845 1112 987 1158 eaque
1019 1112 1126 1139 cum
1160 1094 1230 1140 his
1268 1113 1375 1159 quae
1400 1094 1456 1140 ab
1483 1095 1707 1142 Hildoino
1737 1094 2016 1141 dicebantur

611 1173 882 1228 conferens,
906 1189 1001 1218 non
1019 1172 1203 1218 modica
1229 1173 1401 1218 mentis
1423 1172 1782 1236 perturbatione
1802 1189 2015 1218 commo-

614 1260 685 1294 tus
717 1266 846 1304 sum;
883 1247 946 1294 ob
972 1248 1061 1294 hoc
1085 1248 1323 1311 praecipue
1341 1285 1351 1302 ‚
1386 1250 1491 1313 quia
1520 1248 1732 1295 nondum
1768 1249 2013 1295 inventum

613 1325 839 1372 habebam
866 1325 1115 1372 consilium
1148 1343 1245 1390 quo
1281 1326 1409 1371 illam
1437 1325 1747 1372 execrabilem
1771 1336 1912 1390 atque
1945 1343 2017 1371 as-

615 1404 729 1449 tutia
755 1401 927 1449 diaboli
955 1401 1129 1467 ubique
1147 1403 1434 1467 divulgatam
1465 1402 1635 1449 famam
1662 1404 1933 1466 extinguere
1965 1419 2020 1448 acv

563 1465 569 1470 i
613 1480 669 1526 de
692 1478 912 1528 cordibus
931 1479 1136 1543 deceptae
1157 1479 1478 1525 multitudinis
1492 1479 1723 1543 depellere
1742 1480 2013 1543 potuissem.

614 1556 734 1602 Illud
755 1567 910 1601 tamen
934 1556 1168 1618 optimum
1186 1554 1390 1619 judicavi
1421 1566 1472 1600 ut
1498 1555 1775 1603 Hildoinum
1803 1571 2019 1619 rogarem

616 1633 818 1696 idipsum
832 1630 948 1677 mihi
968 1631 1161 1678 reddere
1175 1668 1187 1688 ,
1211 1631 1341 1696 quod
1355 1631 1410 1677 de
1428 1632 1540 1678 meis
1557 1632 1740 1678 scriniis
1760 1630 2016 1688 sublatum,

616 1719 663 1755 et
685 1709 742 1754 ad
766 1725 812 1755 se
833 1707 1037 1754 delatum
1056 1719 1196 1773 atque
1212 1727 1233 1755 a
1258 1727 1304 1756 se
1323 1720 1590 1772 receptum,
1612 1721 1717 1772 post
1737 1710 1864 1755 illam
1883 1727 2020 1773 spon-

619 1796 798 1832 taneam
815 1785 1176 1842 confessionem,
1197 1803 1367 1849 negare
1390 1804 1484 1832 non
1506 1796 1708 1849 poterat.
1730 1786 1868 1846 Quod
1880 1787 2019 1833 etiam

617 1873 791 1926 quanta
813 1863 946 1926 potui
968 1863 1189 1908 instantia
1204 1863 1355 1910 facere
1370 1865 1527 1909 curavi
1550 1883 1562 1920 3
1590 1874 1636 1910 et
1654 1864 1764 1911 licet
1789 1864 1866 1910 ille
1879 1864 2019 1928 paulo

615 1936 781 1984 durior
813 1955 864 1983 ac
887 1938 1123 1986 difficilior
1141 1974 1153 1994 ,
1181 1957 1323 2004 quam
1353 1951 1650 2004 optaveram,
1679 1941 1729 1986 in
1758 1942 2020 1988 assensione

615 2014 805 2072 fuisset,
831 2015 982 2061 victus
1019 2027 1176 2062 tamen
1203 2027 1271 2063 est
1297 2017 1542 2064 sedulitate
1568 2035 1763 2081 precum
1782 2035 2016 2073 mearum,

618 2090 844 2155 cessitque
867 2091 1159 2155 improbitati
1185 2111 1329 2150 meae,
1357 2095 1438 2159 qui
1475 2112 1520 2141 se
1547 2095 1687 2158 paulo
1715 2106 1822 2142 ante
1845 2095 2020 2141 nullius

612 2167 831 2229 jussioni,
861 2168 909 2214 in
942 2168 1025 2214 hac
1053 2171 1319 2233 praesertim
1346 2188 1476 2218 causa
1493 2207 1506 2229 ,
1538 2188 1774 2218 cessurum
1800 2189 2021 2235 pronun-

619 2254 830 2290 tiaverat.

688 2634 766 2680 25.
804 2633 984 2680 Interea
1005 2635 1154 2682 missis
1171 2635 1227 2682 ad
1246 2637 1505 2685 Ratleicum
1523 2648 1570 2685 et
1592 2638 1882 2684 Lunisonem
1900 2636 2021 2683 litte-

622 2708 907 2756 ris—erant
932 2711 1059 2758 enim
1092 2712 1137 2757 in
1175 2730 1229 2760 eo
1257 2713 1361 2762 loco
1379 2751 1391 2770 ,
1415 2714 1494 2761 ubi
1527 2715 1797 2779 Martyrum
1821 2730 2020 2777 corpora
