2105 3348
572 288 624 323 66
999 270 1250 310 EINHARDI
1283 266 1552 306 EPISTOLAE.

576 377 708 408 mero
744 375 814 406 cc.
852 352 1064 400 Misimus
1103 350 1175 413 (1)
1221 346 1307 393 tibi
1357 363 1442 410 per
1479 344 1605 390 hunc
1645 342 1886 391 hominem
1922 343 1978 389 de

577 439 751 485 semine
781 429 952 495 lapathi
990 428 1092 491 (2),
1126 424 1255 491 quod
1285 423 1505 470 volumus
1536 430 1590 466 ut
1628 421 1675 467 in
1711 421 1841 484 largo
1874 419 1981 466 loco

578 511 791 563 seminari
817 509 957 555 facias
983 527 992 551 :
1015 522 1122 570 quae
1139 504 1257 550 solet
1278 503 1328 548 in
1347 516 1563 564 magnam
1588 497 1780 545 herbam
1796 514 1981 544 excres-

579 607 698 638 cere.
722 588 845 634 Bene
869 584 1033 630 valete.

606 821 792 863 XXXIX.
824 821 888 857 AD
920 814 1277 860 EMERITANOS,
1308 812 1360 850 IN
1392 808 1615 849 PERSONA
1645 803 1960 845 HLUDOW1C1

1102 879 1467 922 IMPERATORIS.

649 1000 702 1044 ln
739 994 933 1042 nomine
968 989 1166 1037 Domini
1204 987 1288 1034 Dei
1331 997 1378 1033 et
1409 982 1662 1031 Salvatoris
1697 979 1850 1027 nostri
1886 978 1995 1024 Jesu

583 1073 777 1129 Christi,
799 1072 860 1118 N.
884 1070 944 1134 [i.
965 1085 1009 1115 e.
1028 1063 1376 1127 Hludowicus],
1396 1061 1553 1108 divina
1572 1058 1825 1106 ordinante
1842 1052 1997 1119 provi-

584 1152 768 1207 dentia,
797 1150 1053 1211 imperator
1078 1151 1325 1207 augustuS‚
1359 1136 1583 1186 omnibus
1616 1131 1924 1199 primatibus,
1951 1139 1999 1175 et

586 1239 761 1276 cuncto
785 1225 966 1290 populo
986 1221 1265 1268 Emeritano
1290 1218 1364 1282 (3)
1390 1216 1439 1262 in
1463 1214 1672 1261 Domino
1700 1210 1914 1257 salutem.
1937 1234 2000 1242 --

587 1306 867 1354 Audivimus
884 1299 1245 1347 tribulationem
1269 1304 1472 1342 vestram
1488 1328 1499 1348 ,
1526 1301 1573 1338 et
1593 1286 1897 1336 multimodas
1919 1302 2000 1330 an-

589 1385 790 1451 gustias,
825 1397 937 1446 quas
969 1375 1190 1443 patimini
1220 1391 1305 1438 per
1338 1369 1667 1418 crudelitatem
1698 1365 1820 1429 regis
1853 1360 2003 1409 Abdi-

592 1462 814 1516 rhaman,
857 1458 940 1524 qui
974 1473 1081 1512 VOS,
1123 1471 1208 1518 per
1251 1451 1444 1498 nimiam
1490 1445 1798 1510 cupiditatem
1842 1455 2004 1487 rerum

593 1550 880 1593 vestrarum,
908 1552 1023 1599 quas
1047 1531 1181 1580 vobis
1206 1528 1391 1575 auferre
1417 1535 1613 1573 conatus
1632 1532 1726 1578 est,
1754 1518 2007 1584 saepissime

594 1617 830 1664 violenter
846 1611 1097 1677 oppressit.
1120 1609 1252 1655 Sicut
1270 1616 1317 1653 et
1335 1615 1518 1669 patrem
1535 1605 1633 1666 ejus
1652 1598 1832 1646 Abolaz
1847 1595 2009 1643 fecisse

598 1693 916 1758 comperimus
934 1726 946 1747 ,
980 1689 1063 1754 qui
1091 1686 1277 1752 injustis
1302 1677 1763 1748 superpositionibus
1787 1691 2006 1730 censum,

600 1776 731 1837 cujus
752 1771 991 1818 debitores
1016 1784 1114 1813 non
1148 1765 1315 1823 eratis,
1346 1761 1435 1808 sibi
1469 1759 1650 1806 solvere
1675 1756 1746 1819 (4)
1780 1751 1977 1818 cogebat
1995 1785 2008 1806 ,

600 1861 647 1898 et
673 1857 872 1914 propter
895 1847 985 1892 hoc
1002 1845 1058 1890 de
1081 1843 1242 1889 amicis
1268 1839 1511 1897 inimicos,
1531 1846 1578 1883 et
1600 1834 1657 1881 de
1681 1827 2014 1880 obedientibus

601 1927 689 1975 sibi
724 1924 989 1973 contrarios
1012 1932 1152 1986 atque
1176 1917 1528 1972 inobedientes,
1557 1913 1800 1966 effecerat3
1834 1908 1942 1973 quia
1968 1916 2015 1952 et

603 2005 872 2050 libertatem
894 1999 1029 2046 vobis
1070 1997 1264 2052 tollere,
1299 2003 1346 2041 et
1378 1991 1564 2056 injustis
1588 1987 1804 2036 censibus
1838 2001 1890 2030 ac
1923 1982 2016 2027 tri-

604 2081 733 2126 butis
770 2094 852 2124 vos
888 2091 1087 2122 onerare
1123 2074 1195 2136 (5)
1233 2082 1374 2137 atque
1408 2067 1658 2116 humiliare
1691 2061 1886 2110 molitus
1924 2066 2010 2104 est.

611 2157 726 2212 Sed,
760 2166 815 2201 ut
848 2152 1141 2208 audivimus,
1179 2168 1260 2197 vos
1294 2165 1502 2212 semper,
1542 2145 1664 2191 sieut
1701 2140 1792 2186 viri
1838 2138 2013 2191 forteS‚

618 2268 2022 2294 Μ

659 2366 710 2410 (i)
734 2361 826 2398 Cod.
846 2362 1040 2395 missimus.

661 2427 712 2470 (α)
738 2421 830 2458 Cod.
851 2417 966 2467 Ιὶιρίίιι
980 2437 989 2459 ,·
1003 2418 1090 2453 edit.
1112 2419 1239 2465 lapitri
1242 2445 1309 2454 .....
1333 2419 1408 2464 qui.

661 2481 712 2528 (5)
736 2482 807 2516 H'ic
827 2479 871 2513 D.
886 2481 1070 2525 Bouquet‚
1089 2477 1157 2520 VI,
1173 2476 1259 2526 579,
1278 2490 1313 2511 n.
1333 2490 1366 2519 a,
1389 2473 1526 2511 Cointii
1543 2470 1614 2518 (ad
1631 2481 1716 2504 ann.
1734 2467 1815 2510 826,
1834 2478 1935 2500 num.
1954 2462 2024 2511 37)

617 2541 835 2577 sententiam
855 2545 1011 2581 secutuS,
1035 2549 1101 2584 pro
1117 2538 1250 2583 populo
1274 2537 1490 2571 Emerilano
1516 2529 1712 2577 legendum
1730 2532 1869 2569 censet,
1890 2524 2024 2570 populo

623 2604 971 2646 Coesaranguslmm.
998 2595 1108 2641 Quod
1125 2595 1393 2630 admittendum
1414 2605 1487 2628 non
1505 2590 1735 2638 putavimus;
1762 2598 1833 2634 qua
1861 2583 2025 2618 ratione?

625 2660 708 2695 vid.
724 2671 743 2693 e
761 2665 888 2692 contra
905 2663 1027 2691 notam
1049 2654 1224 2701 gallicam.

668 2721 719 2761 (4)
745 2717 838 2753 Cod.
854 2717 1011 2751 volvere.

670 2778 720 2823 (5)
746 2770 833 2811 (Ῐοᾶ.
854 2777 1042 2811 honorare.
