2105 3348
644 327 714 364 118
1020 324 1078 359 Η)
1107 320 1356 358 ΕΙΝΗΑΙΗΠ
1392 319 1654 358 EPISIOLAS

640 424 722 448 non
754 406 869 453 sac-it,
892 413 932 445 ct
959 405 1012 444 ita
1032 401 1286 443 discordiam
1307 417 1471 460 semper
1491 402 1676 459 aequitati
1699 402 1904 459 preeponit
1926 408 1963 440 et
1984 399 2036 440 ab

639 484 714 524 hac
746 481 977 522 intentione
1012 492 1231 535 nunquam
1262 477 1443 529 recedit,
1478 478 1585 520 sicut
1612 477 1680 520 ille
1709 478 1864 535 estqui
1893 478 2034 517 senio-

639 576 723 601 rcm
757 567 940 599 vestrum
964 557 1025 612 (ι)
1058 555 1206 596 incitat
1236 565 1282 596 ut
1312 555 1451 597 taliter
1485 555 1708 598 adversum
1742 571 1808 596 me
1842 564 1952 612 agat.
1992 553 2035 595 Si

633 636 746 677 enim
767 631 1088 675 benefactorum
1106 640 1211 672 esset
1228 632 1432 673 memoria
1453 641 1494 674 et
1516 632 1724 690 praeterita
1746 631 2036 673 recolerentur

634 723 846 769 tempora,
872 709 1117 752 inveniretis
1138 723 1204 749 me
1229 709 1378 766 saepius
1409 724 1485 766 pro
1509 709 1674 750 seniore
1698 718 1835 750 vestro
1860 716 2036 749 certasse

635 800 679 832 ut
705 804 849 847 pacem
875 787 1049 829 haberet
1066 795 1107 828 et
1128 785 1420 837 concordiam,
1437 796 1477 828 et
1497 796 1717 844 propterea
1746 795 1881 828 totum
1905 785 1947 826 in
1969 800 2035 825 me

633 867 778 910 odium
805 880 1072 925 provocasse,
1099 862 1215 920 quod
1249 873 1438 921 tempore
1472 863 1602 906 beatae
1638 864 1852 905 memoriae
1888 861 2036 903 domni

630 944 896 1004 imperatoris
927 943 989 1000 (2)
1026 941 1195 999 erupit,
1234 941 1290 982 ita
1325 950 1369 982 ut
1401 941 1494 998 ejus
1527 941 1731 983 offensam
1771 941 2032 982 incurrerem

629 1031 802 1082 propter
824 1020 943 1062 illum
963 1020 1024 1074 (3)
1051 1027 1092 1060 et
1122 1033 1268 1059 omnes
1300 1033 1407 1076 pene
1430 1017 1613 1074 majores
1637 1028 1738 1060 natu
1766 1019 2034 1059 Francorum

630 1098 853 1141 adversum
877 1112 943 1138 me
966 1094 1310 1152 indignarentur.
1348 1095 1448 1138 Post
1474 1094 1636 1136 obitum
1658 1095 1783 1136 etiam
1818 1094 1930 1136 illius
1955 1096 2035 1151 (4),

628 1176 824 1234 quotiens
854 1190 920 1215 me
956 1188 1032 1231 pro
1060 1171 1240 1214 utilitate
1263 1170 1377 1213 illius
1401 1173 1463 1228 (5)
1487 1172 1782 1230 opposuerim,
1821 1172 2037 1213 reminisci

628 1253 815 1312 potestis,
835 1252 869 1292 si
887 1249 1030 1292 vultis.
1054 1249 1180 1302 Nam,
1200 1258 1409 1307 quantum
1431 1249 1473 1290 in
1495 1265 1562 1290 me
1581 1249 1679 1301 fuit,
1705 1265 1870 1307 semper
1890 1249 1934 1290 in
1954 1249 2034 1291 hoc

627 1329 818 1372 laboravi
842 1338 889 1370 ut.
921 1327 1002 1385 ipsi
1026 1325 1089 1386 (6)
1114 1327 1224 1369 inter
1254 1342 1296 1368 se
1327 1325 1562 1368 concordes
1598 1327 1878 1368 efficerentur.
1904 1327 1957 1368 Et
1990 1326 2032 1367 in

624 1407 706 1449 hoc
731 1406 873 1448 senior
900 1421 1020 1447 meus
1042 1404 1103 1463 (7)
1129 1413 1170 1446 et
1194 1403 1339 1446 fideles
1360 1404 1452 1461 ejus
1478 1404 1684 1446 hactenus
1717 1404 1970 1463 persistunt,
1994 1413 2035 1445 et

625 1498 892 1542 perseverare
928 1482 1128 1541 cupiunt,
1152 1481 1186 1522 si
1206 1497 1256 1523 ex
1288 1491 1405 1539 parte
1438 1480 1552 1523 illius
1576 1482 1640 1538 (8)
1664 1481 1742 1523 rite
1767 1480 2035 1523 observatum

622 1558 769 1602 fuerit.
805 1559 932 1600 Nunc
954 1567 1119 1609 autem,
1143 1573 1263 1599 versa
1285 1558 1400 1610 vice,
1436 1573 1514 1616 pro
1540 1573 1684 1600 amore
1718 1559 1855 1616 paciS,
1881 1557 2036 1600 talibus

621 1651 874 1679 remuneror
895 1635 1102 1694 praemiiS,
1127 1645 1168 1677 et
1191 1635 1291 1693 qui,
1318 1650 1395 1693 pro
1419 1634 1603 1677 aliorum
1622 1635 1787 1693 justitia
1816 1635 2033 1682 laboravi,

619 1714 828 1772 justitiam
846 1728 984 1754 meam
999 1711 1182 1771 perdidi,
1197 1722 1238 1754 et
1256 1711 1310 1754 ob
1326 1712 1408 1754 hoc
1427 1713 1615 1755 imitator
1632 1712 1875 1755 daemonum
1894 1712 2032 1761 dicor,

621 1789 739 1848 quod
757 1798 922 1832 tantum
937 1789 1147 1846 justitiam
1166 1789 1356 1846 requiro.
1379 1789 1470 1846 Ego
1490 1789 1674 1846 denique
1699 1800 1893 1832 naturam
1917 1799 2037 1833 caete-

622 1883 771 1910 rorum
789 1867 1016 1909 hominum
1042 1865 1178 1908 habeo
1196 1899 1206 1917 ,
1232 1866 1334 1923 quia
1369 1881 1440 1907 eos
1459 1899 1468 1917 ,
1496 1867 1572 1923 qui
1606 1866 1713 1908 mihi
1735 1866 2034 1914 benefaciunt,

623 1944 782 2003 diligo,
815 1954 856 1986 et
882 1960 975 1996 eos,
1008 1944 1083 2002 qui
1115 1943 1218 1985 mihi
1246 1943 1508 2001 ubicumque
1538 1953 1715 2002 possunt
1739 1943 2036 1995 adversantur,

623 2021 791 2080 refugio
810 2031 936 2079 atque
955 2020 1386 2079 declino.Propterea
1402 2036 1505 2078 ergo
1522 2019 1572 2063 de
1584 2037 1687 2080 pace
1708 2037 1856 2064 eorum
1874 2021 2034 2074 studui,

626 2109 672 2141 ut
707 2115 791 2141 non
829 2098 1015 2141 deterior
1046 2097 1118 2140 sed
1154 2097 1306 2140 melior
1342 2097 1441 2139 inde
1475 2097 1638 2140 fierem.
1664 2098 1873 2156 Quisquis
1904 2099 2037 2156 igitur

623 2175 742 2218 vobis
760 2175 863 2218 dicit
880 2175 997 2234 quod
1018 2175 1130 2218 inter
1149 2174 1260 2217 filios
1280 2174 1458 2217 senioris
1476 2175 1559 2217 mei
1572 2176 1651 2232 (9),
1664 2176 1739 2233 qui
1756 2191 1822 2218 me
1840 2176 2034 2227 nutrivit,

673 2318 725 2363 (ι)
751 2317 935 2352 Lothaire.

675 2382 725 2426 (2)
752 2381 1178 2418 Louis-le-Debonnaire.

673 2445 724 2492 (5)
749 2446 930 2481 Lothaire.

673 2513 723 2557 (4)
749 2511 1177 2567 Louis-ie-Debonnaire.

671 2575 722 2622 (5)
748 2575 929 2610 Lothaire.

677 2641 728 2687 (6)
754 2643 819 2676 Les
836 2641 890 2675 fils
909 2640 954 2675 de
970 2640 1397 2677 Louis-le—Debonnaire.

678 2706 729 2753 (7)
752 2704 1138 2740 Charles-le-Chauve.

680 2770 731 2813 (8)
757 2769 939 2804 Lothaire.

684 2834 732 2878 (9)
760 2831 1185 2867 Louis-le-Debonuaire,
