2105 3348
586 270 660 307 :374
888 265 1126 303 HISTORIA
1159 263 1574 309 TRANSLATIONIS,
1606 277 1686 303 ETC.

587 347 739 409 operis
756 344 892 406 hujus
912 341 1035 387 libro
1053 341 1267 387 crebram
1282 340 1477 387 fecimus
1501 341 1810 398 mentionem,
1833 344 1982 389 Roma

586 422 802 475 veniens,
837 436 984 464 unum
1022 418 1274 464 articulum
1297 417 1430 481 digiti
1457 416 1579 464 beati
1606 419 1837 464 Hermetis
1861 437 1982 466 mar-

587 498 702 561 tyris
718 513 807 560 pro
826 512 1001 559 magno
1017 495 1156 542 nobis
1175 512 1372 542 munere
1395 494 1564 541 detulit
1579 495 1666 557 (a).
1697 495 1849 555 Quem
1871 498 1984 542 acei-

583 575 791 637 pientes,
815 572 999 635 capsula
1027 572 1327 620 reconditum
1342 607 1354 628 ,
1379 572 1425 617 in
1453 572 1683 634 superiori
1703 582 1836 636 parte
1860 571 1985 619 basi-

584 652 685 697 licae
706 686 717 706 ,
751 667 888 713 supra
924 650 1076 713 ipsum
1114 648 1451 696 occidentalem
1493 648 1699 696 ecclesiae
1733 650 1985 696 introitum

582 728 932 776 collocavimus.
963 727 1024 773 At
1058 726 1230 775 femina
1267 743 1400 790 quae,
1431 735 1485 771 ut
1507 725 1630 782 dixi,
1656 726 1836 773 visione
1858 726 1986 772 divi-

584 807 711 851 nitus
743 804 984 853 admonita
1018 803 1129 850 illuc.
1163 814 1383 860 venerat,
1422 814 1469 851 et
1489 802 1672 850 duobus
1690 805 1788 867 jam
1815 804 1985 851 exactis

524 900 527 905 ⁴
582 882 851 940 mensibus,
876 882 999 928 nihil
1031 882 1275 945 promissae
1304 882 1407 945 opis
1436 879 1524 927 sibi
1559 880 1796 927 advenisse
1830 897 1988 929 cerne-

581 960 686 1018 bat,
714 959 925 1007 delusam
958 976 1004 1006 se
1029 975 1152 1005 vano
1172 958 1359 1006 somnio
1383 958 1683 1015 existimans,
1702 957 1910 1004 reditum
1936 958 1985 1004 in

579 1037 781 1100 patriam
804 1035 1020 1082 meditari
1052 1035 1216 1098 coepit.
1252 1034 1520 1099 Statuitque
1540 1051 1647 1080 cum
1672 1034 1986 1098 negotiatori-

579 1112 693 1169 bus,
721 1114 803 1177 qui
839 1130 884 1159 se
916 1113 1225 1169 reducerent,
1259 1123 1313 1157 ut
1347 1113 1562 1175 proxima
1585 1111 1849 1168 dominica,
1875 1128 1985 1175 quae

578 1192 750 1255 quinto
771 1191 1077 1237 kalendarum
1101 1189 1443 1253 septembrium
1462 1189 1536 1235 die
1558 1189 1697 1235 simul
1718 1206 1827 1235 cum
1852 1190 1987 1235 anni-

578 1268 781 1314 versaria
804 1268 951 1313 saneti
977 1268 1210 1314 Hermetis
1235 1267 1531 1315 solemnitate
1553 1276 1653 1313 erat
1676 1266 1836 1313 futura
1849 1303 1864 1325 ‚
1898 1285 1986 1313 na-

579 1362 685 1391 vem
709 1362 895 1401 eorum,
915 1345 963 1390 in
983 1345 1228 1407 regionem
1253 1362 1382 1390 suam
1406 1360 1668 1400 reversura,
1691 1343 1987 1390 conscende-

579 1432 669 1468 ret.
704 1422 902 1485 Jamque
940 1422 1147 1468 instante
1187 1431 1353 1478 nocte,
1393 1437 1501 1485 quae
1539 1420 1664 1467 diem
1698 1420 1986 1484 profecti0ni

581 1498 856 1546 condictum
876 1509 976 1545 erat
993 1499 1094 1545 sine
1108 1497 1256 1546 dubio
1278 1515 1582 1562 praecessura,
1603 1515 1711 1544 cum
1729 1515 1816 1545 nos
1831 1514 1988 1544 secun—

580 1577 693 1624 dum
718 1577 1108 1624 consuetudinem
1125 1612 1137 1631 ,
1165 1576 1404 1641 completo
1427 1576 1698 1623 nocturnali
1723 1576 1905 1633 officio,
1930 1575 1987 1622 ad

581 1655 918 1718 quiescendum
952 1655 1198 1701 fuissemus
1232 1655 1426 1718 egressi,
1465 1654 1645 1701 caeteris
1677 1653 1985 1709 exeuntibus,

580 1731 754 1778 semina
790 1731 866 1777 illa
895 1732 1097 1779 introire
1123 1731 1312 1788 volens,
1345 1732 1393 1777 in
1431 1733 1531 1795 ipso
1561 1731 1726 1778 limine
1754 1731 1982 1778 consedit.

582 1805 747 1871 Ibique
772 1824 932 1854 coram
953 1807 1176 1855 omnibus
1201 1817 1395 1871 stupore
1414 1808 1621 1873 quodam
1639 1824 1856 1871 oppressa
1869 1843 1882 1864 ,
1903 1825 1988 1871 pa-

581 1902 777 1948 rumper
806 1883 1043 1939 obticuit3
1081 1903 1131 1931 ae
1163 1885 1330 1932 deinde
1360 1896 1639 1949 erumpente
1675 1902 1732 1932 ex
1762 1883 1987 1932 omnibus

582 1961 757 2025 pedum
789 1961 1027 2026 unguibus
1063 1962 1307 2026 aliquanto
1342 1963 1594 2027 sanguine,
1623 1963 1679 2008 ad
1701 1980 1748 2009 se
1770 1980 1952 2009 reversa
1970 1998 1984 2019 ,

581 2055 777 2085 manum
802 2037 1217 2085 circumstantibus
1233 2040 1449 2103 porrexit
1463 2076 1476 2097 ,
1496 2048 1742 2104 erectaque
1761 2040 1808 2085 in
1829 2038 1986 2103 pedeS‚

581 2116 636 2161 ad
674 2116 981 2180 sepulchrum
1014 2117 1276 2180 Martyrum
1301 2116 1543 2165 ambulare
1564 2118 1729 2181 coepit.
1752 2118 1858 2179 Quo
1881 2134 1989 2164 cum

581 2195 894 2256 pervenisset,
932 2194 988 2240 ad
1012 2196 1278 2241 orationem
1304 2212 1464 2241 coram
1489 2196 1624 2242 altari
1647 2194 1984 2258 prosternitur,

584 2270 744 2334 ibique
765 2271 944 2317 tamdiu
955 2273 1122 2334 jacuit,
1137 2271 1445 2336 quoadusque
1467 2272 1688 2335 hymnus,
1704 2287 1847 2336 quem
1861 2270 1989 2317 exul-

584 2348 785 2393 tantium
806 2347 944 2392 simul
964 2358 1104 2411 atque
1128 2349 1407 2394 mirantium
1436 2348 1695 2395 multitudo
1717 2350 1868 2396 Deum
1890 2348 1988 2394 lau-

584 2425 696 2470 dans
729 2424 1029 2484 devotissime
1055 2423 1301 2483 cantabat,
1325 2426 1660 2489 compleretur.
1690 2427 1794 2487 Quo
1819 2425 1984 2481 finito,

583 2519 688 2547 sana
724 2503 951 2555 surrexit,
979 2502 1054 2548 sed
1086 2503 1130 2547 in
1175 2503 1374 2565 patriam
1406 2503 1604 2549 ulterius
1634 2504 1787 2551 redire
1812 2503 1982 2551 noluit.

585 2578 753 2624 Merito
779 2578 925 2640 igitur
948 2579 1225 2625 miraculum
1246 2580 1363 2626 istud
1386 2579 1522 2627 beato
1535 2582 1743 2628 Hermeti
1765 2578 1986 2627 adscribi-

630 2766 671 2795 ’ἢ
702 2764 718 2796 'a
736 2763 779 2796 id.
803 2776 913 2799 sumt.
942 2772 978 2797 11¹³
998 2776 1052 2801 02⁴
1081 2778 1157 2809 wilt:-
1182 2765 1258 2800 ”iliiv
