1979 3348
96 956 140 986 II.

95 1014 157 1044 III.

93 1073 152 1103 IV.

93 1192 153 1222 VI.

92 1311 166 1341 VII.

92 1370 188 1401 VIII.

93 1430 152 1461 IX.

92 1552 152 1583 XI.

90 1611 170 1641 XII.

91 1729 188 1760 XIII.

91 1788 184 1820 XIV.

90 1846 166 1876 XV.

91 1905 182 1938 XVI.

92 1964 204 1996 XVII.

92 2025 221 2056 XVIII.

92 2085 187 2116 XIX.

93 2145 169 2177 XX.

92 2205 184 2236 XXI.

93 2262 203 2292 XXII.

93 2321 222 2352 XXIII.

95 2380 217 2412 XXIV.

97 2439 201 2471 XXV.

99 2497 222 2530 XXVI.

98 2557 242 2589 XXVII.

97 2615 257 2648 XXVIII.

98 2676 222 2707 XXIX.

99 2736 203 2767 XXX.

99 2795 222 2827 XXXI.

198 2888 251 2918 11.

385 495 611 551 INDEX
671 491 1219 548 EPISTULARUM.

555 779 773 812 EINHARDI
805 778 1043 809 EPISTOLAE.

497 890 548 923 Ad
568 890 746 931 Ansgisum
760 915 768 930 ‚
783 890 941 922 abbatem
954 888 1250 920 Fontanellensem
1261 911 1398 919 .......

499 951 549 982 Ad
566 951 791 990 Gozbertum‚
807 950 964 982 abbatem
979 950 1012 980 S.
1030 948 1121 980 Galli
1131 970 1400 979 .............

495 1011 546 1043 Ad
560 1010 795 1042 Amalharium
815 1010 1050 1050 presbyterum
1060 1030 1356 1039 ..............
1394 1031 1400 1037 .

496 1071 546 1103 Ad
559 1071 749 1111 Otgarium,
762 1069 1052 1110 archiepiscopum
1066 1068 1374 1108 Moguntinensem.
1391 1091 1396 1096 .

499 1130 551 1162 Ad
569 1131 732 1162 Jacobum
752 1130 946 1170 episcopum
955 1150 1401 1160 .....................

503 1190 553 1223 Ad
569 1189 752 1231 Egilolfum
770 1193 803 1222 et
823 1190 1051 1222 Humbertum
1063 1214 1071 1228 ,
1094 1188 1270 1220 canonicos
1293 1187 1408 1219 Wirzi·

538 1251 722 1291 burgenses
731 1270 1402 1282 ...............................

500 1310 551 1342 Ad
568 1312 759 1351 Popponem
774 1310 932 1342 comitem
941 1330 1403 1342 ......................

499 1370 550 1401 Ad
570 1370 747 1410 otgarium
762 1395 770 1409 ‚
791 1369 1079 1410 archiepiscopum
1096 1368 1404 1408 moguntinensem.

499 1430 549 1462 Ad
565 1430 770 1469 Geboinum‚
788 1429 906 1470 palatii
923 1429 1080 1461 comitem
1089 1450 1402 1460 ...............

498 1491 550 1522 Ad
571 1492 677 1530 Heni,
699 1492 986 1531 archiepiscopum
1002 1490 1239 1523 Trevirensem
1249 1512 1409 1520 ........

497 1552 547 1584 Ad
567 1552 811 1584 Hruotbertum
821 1553 978 1584 comitem
989 1572 1403 1582 ...................

498 1611 549 1644 Ad
559 1612 781 1644 Liuthardum
792 1612 1026 1652 presbyterum
1035 1612 1068 1642 et
1080 1609 1316 1642 Erembertum
1324 1608 1409 1642 viee·

518 1692 522 1695 -
541 1671 718 1703 dominum
722 1691 1405 1703 ................................

499 1730 549 1762 Ad
568 1733 759 1771 Popponem
774 1731 930 1763 comitem
942 1754 949 1759 .
963 1754 970 1762 .
986 1755 992 1761 .
1008 1754 1015 1761 .
1031 1755 1038 1761 .
1052 1754 1059 1761 .
1074 1753 1102 1761 .-.
1119 1751 1403 1761 ..............

498 1791 550 1823 Ad
560 1791 799 1831 Gerwardum‚
813 1791 932 1832 palatii
946 1790 1242 1822 bibliothecarium
1251 1811 1404 1820 ........

500 1849 540 1880 In
556 1857 698 1888 persona
711 1851 821 1881 Bomae
834 1874 843 1888 ,
862 1849 904 1881 ad
919 1848 1090 1880 Biidthrut
1104 1847 1307 1879 abbatissam
1317 1869 1324 1878 .
1338 1867 1364 1877 ..
1375 1869 1382 1877 .
1396 1868 1404 1876 .

498 1908 548 1941 Ad
562 1911 742 1941 Hattonem
755 1909 913 1941 comitem
922 1929 1403 1941 ......................

502 1967 554 1999 Ad
572 1968 772 2000 Hrabanum
786 1993 794 2007 ‚
814 1968 972 1999 abbatem
990 1966 1193 1999 Fuldensem
1202 1987 1404 1997 ..........

500 2027 551 2060 Ad
568 2028 807 2060 Marehradum
832 2027 1082 2061 vicedominum
1092 2047 1404 2058 ..............

501 2089 540 2119 In
549 2096 691 2128 persona
701 2087 890 2122 Hludowici
902 2087 1127 2128 imperatoris,
1139 2086 1181 2119 ad
1190 2088 1229 2118 G.
1240 2084 1408 2117 comitem.

502 2149 541 2180 In
559 2157 702 2189 persona
723 2148 889 2188 ejusdem,
906 2148 949 2180 ad
968 2150 1010 2180 H.
1029 2149 1102 2188 ejus
1117 2147 1252 2179 fidelem
1262 2168 1413 2177 ........

501 2209 541 2239 In
557 2217 701 2249 persona
718 2208 872 2249 ejusdem
884 2232 891 2245 ‚
909 2208 951 2240 ad
964 2210 999 2240 T.
1016 2208 1151 2240 fidelem
1165 2207 1237 2246 ejus
1246 2227 1407 2237 ........

502 2266 552 2297 Ad
570 2267 612 2297 A.
631 2266 770 2298 missum
785 2265 994 2298 dominicum
1006 2284 1411 2296 ...................

502 2325 553 2356 Ad
570 2325 823 2359 vicedominum
839 2334 938 2358 suum
948 2344 1410 2355 .....................

502 2384 553 2417 Ad
571 2385 754 2426 quemdam
769 2385 965 2417 ministrum
981 2393 1078 2416 suum
1089 2403 1410 2414 ...............

502 2445 553 2476 Ad
566 2447 607 2477 N.
625 2446 818 2485 episcopum
826 2463 1408 2477 .........................

502 2502 553 2534 Ad
571 2504 612 2535 U.
629 2503 777 2535 amicum
789 2511 888 2534 suum
898 2523 1411 2534 ........................

501 2563 553 2594 Ad
570 2565 609 2595 N.
627 2564 784 2596 comitem
794 2584 1407 2595 ............................

503 2622 554 2654 Ad
568 2624 609 2654 N.
623 2623 781 2655 comitem
787 2643 1404 2654 .............................

506 2683 557 2714 Ad
569 2684 610 2715 N.
627 2683 833 2715 sacerdotem
851 2683 874 2714 i.
889 2692 919 2715 e.
936 2681 1129 2722 episcopum
1140 2703 1407 2711 .............

506 2741 556 2773 Ad
575 2743 757 2775 Vussinum
774 2768 783 2781 ,
800 2743 908 2775 filium
921 2751 1019 2775 suum
1031 2763 1408 2773 .................

505 2799 554 2832 Ad
569 2802 608 2832 N.
628 2801 818 2841 episcopum
828 2820 1409 2833 .........................

1301 2874 1332 2905 ,ρ
