2105 3348
641 273 692 310 34
1066 267 1318 305 EINHARDI
1354 266 1625 306 EPISTOLAE.

641 353 907 417 prdimcnta
934 357 1091 410 postea
1128 347 1422 404 accidissent,
1462 365 1569 412 quae
1604 347 1719 394 illud
1755 349 2048 414 colloquium

640 440 874 480 nostrum,
898 441 997 470 non
1019 424 1173 470 solum
1188 423 1243 470 ad
1266 435 1449 488 tempus
1466 426 1641 489 sopire,
1664 426 1741 473 sed
1759 429 1898 473 etiam
1921 426 2049 474 obli-

637 507 764 553 xioni
804 513 1043 568 perpetuae
1078 502 1261 549 tradere
1284 504 1566 566 potuissent.
1605 504 1725 550 Illud
1755 505 1862 553 dico
1896 505 2049 552 collo-

635 584 816 647 quium,
852 579 1061 644 quando,
1091 579 1137 624 in
1166 579 1341 642 palatio
1370 580 1509 626 simul
1540 581 1702 644 positi,
1726 580 1782 628 de
1816 592 1943 629 tecto
1973 583 2050 628 ba-

634 661 775 706 silicae
795 658 1045 704 beatorum
1064 656 1239 703 Christi
1259 668 1528 722 martyrum
1543 658 1806 705 Marcellini
1831 669 1878 706 et
1899 661 2045 716 Petri,

631 755 772 803 quam
802 754 886 801 ego
918 752 1075 791 nune,
1115 735 1226 781 licet
1257 753 1365 782 cum
1398 754 1567 801 magna
1599 736 1900 793 difficultate,
1935 754 2050 785 con-

629 827 811 863 struere
832 814 1023 870 molior,
1046 813 1195 860 locuti
1219 831 1398 870 sumus,
1423 825 1469 861 et
1496 815 1713 862 constitit
1744 816 1870 862 inter
1889 833 1976 862 nos
1992 815 2049 862 de

628 892 829 958 plumbo
851 890 1052 939 emendo
1079 901 1245 939 contra
1270 892 1481 955 pretium
1515 893 1863 958 quinquaginta
1894 892 2046 940 libra—

629 989 753 1017 rum.
797 969 886 1016 Sed
925 969 1141 1033 quamvis
1184 986 1303 1033 opus
1342 968 1546 1016 basilicae
1591 969 1808 1017 nondum
1849 970 1906 1016 ad
1954 969 2044 1017 hoc

626 1048 907 1112 perductum
942 1047 1028 1103 sit,
1071 1056 1124 1092 ut
1162 1047 1350 1111 tegendi
1393 1048 1642 1094 necessitas
1676 1065 1753 1094 me
1790 1047 2045 1095 admonere

627 1125 894 1190 compellat,
919 1135 1096 1182 tamen,
1118 1134 1317 1189 propter
1332 1125 1571 1172 incertum
1585 1126 1696 1172 vitae
1713 1125 1928 1172 mortalis
1950 1135 2046 1172 ter-

625 1205 828 1260 minum,
856 1220 1040 1267 semper
1063 1202 1252 1250 videtur
1272 1220 1367 1249 esse
1384 1202 1709 1250 festinandum
1722 1239 1735 1260 ,
1759 1214 1811 1249 ut
1828 1203 2013 1251 bonum
2027 1239 2040 1260 ,

624 1282 751 1347 quod
787 1282 856 1346 [a]
889 1281 1030 1329 nobis
1055 1280 1334 1328 inchoatum
1373 1281 1515 1345 [est],
1549 1282 1757 1329 Domino
1788 1281 2044 1328 auxiliante

622 1359 912 1424 perficiatur.
936 1358 1145 1405 Proinde
1178 1376 1351 1422 precor
1369 1357 1715 1423 benignitatem
1736 1369 1865 1404 tuam
1894 1369 1947 1404 ut
1971 1375 2044 1404 me

621 1436 679 1483 de
703 1436 867 1484 eodem
903 1434 1105 1499 plumbo
1144 1435 1347 1482 emendo
1380 1452 1465 1499 per
1494 1435 1673 1482 litteras
1699 1445 1800 1481 tuas
1836 1435 2044 1500 digneris

620 1514 773 1560 facere
793 1514 1048 1560 certiorem
1064 1532 1077 1570 ;
1098 1522 1152 1559 ut
1167 1513 1287 1560 scire
1302 1512 1483 1560 valeam
1503 1513 1539 1558 si
1560 1512 1743 1578 aliquid
1764 1512 1874 1559 inde
1891 1512 2044 1559 adhuc

623 1590 899 1638 inchoatum
919 1591 1003 1649 sit,
1032 1601 1096 1647 et,
1123 1592 1158 1637 si
1185 1590 1402 1638 nondum
1427 1589 1706 1638 inchoatum
1731 1602 1826 1646 est,
1852 1589 2044 1655 quando

622 1666 859 1725 inchoari,
890 1679 961 1725 et,
987 1668 1199 1715 Domino
1223 1668 1491 1732 adjuvante,
1516 1666 1678 1732 perfici
1707 1666 1754 1713 id
1778 1667 1933 1731 ipsum
1957 1683 2044 1714 ne-

621 1746 805 1809 gotium
820 1745 1003 1793 debeat.
1022 1745 1206 1793 Idcirco
1222 1763 1310 1792 oro
1327 1756 1456 1792 tuam
1475 1763 1781 1809 permagnam
1800 1745 2044 1791 caritatem

621 1834 675 1869 ut
704 1841 802 1879 me,
833 1824 889 1871 de
913 1824 998 1871 hac
1021 1842 1071 1871 re
1088 1860 1101 1880 ‚
1128 1842 1212 1889 per
1242 1825 1424 1871 litteras
1451 1835 1581 1880 tuas,
1610 1824 1866 1871 certiorem
1890 1822 2044 1869 facere

620 1919 722 1949 non
742 1903 964 1965 graveris.
985 1902 1113 1967 Opto
1135 1914 1206 1960 ut,
1222 1902 1313 1949 mei
1334 1919 1537 1957 memor,
1559 1919 1745 1965 semper
1755 1900 1877 1948 bene
1893 1899 2043 1948 valeas

623 1978 672 2023 in
691 1978 917 2026 DomIno.

1066 2109 1233 2148 XLVII.
1268 2110 1334 2148 AD
1365 2109 1595 2147 AMICUM.

688 2203 956 2251 Einhardus
977 2207 1088 2270 [suo
1106 2207 1352 2271 salutem]
1368 2235 1429 2242 —
1447 2206 1593 2269 Qu[is
1612 2205 1696 2269 sit]
1723 2204 1951 2267 status(1)
1970 2222 2042 2251 re-

623 2297 730 2325 rum
742 2281 1075 2344 palatinarum,
1091 2283 1212 2329 nihil
1230 2282 1345 2329 mihi
1361 2283 1565 2330 scribere
1577 2292 1706 2346 peto,
1724 2281 1832 2346 quia
1849 2279 1972 2327 nihil
1986 2299 2042 2328 ex

668 2465 865 2510 (1)C0dex,
887 2468 936 2501 E.
1049 2470 1156 2515 Qu...
1177 2477 1276 2505 statu
1291 2484 1319 2505 ι’.
1332 2484 1370 2517 p.
1387 2484 1422 2505 η.
1445 2484 1491 2504 m.
1519 2469 1712 2504 socribere.
1735 2468 1833 2503 Edit.
1859 2469 1915 2502 De
1941 2473 2041 2502 statu

624 2538 651 2558 ν.
666 2539 703 2571 p.
720 2539 755 2559 n.
773 2539 820 2559 m.
837 2527 1057 2561 scriberc.—
1065 2529 1185 2574 Hujus
1195 2530 1354 2577 epistolae
1367 2531 1516 2565 initium
1532 2528 1723 2564 oculorum
1736 2529 1851 2563 aciem
1864 2528 1902 2562 iu
1915 2526 2041 2562 codice

619 2584 695 2619 sere
716 2585 861 2631 penitus
884 2585 1013 2633 effugit
1039 2594 1075 2621 et
1101 2596 1272 2634 praeterea
1294 2590 1396 2625 locus
1419 2590 1588 2625 turbatus
1614 2588 1774 2624 videtur.
1795 2588 1890 2623 Cum
1917 2593 2042 2621 autem

621 2650 702 2689 post
721 2642 846 2678 salutis
874 2643 1087 2687 formulam,
1115 2647 1316 2683 certissime
1339 2648 1510 2696 legantur
1539 2648 1667 2682 liuerae
1699 2648 1814 2694 Qum.
1841 2645 1899 2679 his
1924 2645 2042 2680 versio

620 2709 743 2737 nostra
759 2702 1010 2748 confirmatur,
1027 2711 1063 2738 ct
1076 2705 1258 2741 refellitur
1272 2708 1424 2743 verbum
1442 2709 1498 2744 De
1508 2737 1516 2753 ‚
1532 2722 1551 2744 a
1564 2708 1727 2744 chesnio
1740 2705 1952 2749 conflatum,
1966 2717 2041 2753 quo

619 2761 768 2807 epistola
784 2762 913 2809 in‘cipit
929 2764 964 2797 in
979 2763 1101 2799 editis.
1121 2765 1308 2801 Sententia
1324 2775 1493 2803 caeterum
1508 2769 1545 2803 in
1557 2775 1717 2815 utroque
1732 2778 1816 2801 casu
1829 2765 1955 2800 eadem
1970 2771 2036 2801 est.
