2105 3348
607 292 683 327 ⁴290
907 282 1148 321 HlSTORIA
1178 281 1598 326 TRANsLA'IJIOle,
1628 294 1709 322 Ere.

607 367 801 415 nomine
830 361 1174 420 Marethrudis,
1211 360 1267 408 de
1297 377 1417 425 pago
1443 360 1743 417 Wetareiba‚
1779 378 1885 424 quae
1916 361 2013 408 dira

607 442 831 509 paralysis
856 439 1137 504 aegritudine
1160 457 1243 504 per
1267 439 1428 486 decem
1450 456 1600 485 annos
1625 449 1718 484 tam
1746 439 2017 487 immaniter

609 519 875 575 tenebatur,
913 528 966 563 ut
1002 528 1136 564 tanto
1177 518 1404 581 temporis
1445 517 1596 580 spatio
1633 534 1752 580 pene
1789 517 1923 564 nullo
1962 517 2017 563 ad

608 597 837 643 humanos
871 611 981 640 usus
1008 594 1223 658 corporis
1263 594 1418 639 officio
1449 592 1765 657 f1,1ngeretui·;
1805 604 1851 639 et
1870 595 1968 656 jam
1994 611 2018 638 a

610 672 886 737 parentibus
925 672 1019 717 suis
1059 681 1157 718 erat
1192 670 1458 734 desperata,
1496 670 1725 734 quoniam
1768 669 1823 715 ad
1859 671 2019 716 onmia

608 762 879 798 sanctorum
922 750 1021 796 loca
1045 784 1055 803 ,
1109 749 1163 794 ad
1200 766 1306 813 quae
1348 749 1432 811 ipsi
1483 758 1705 811 poterant
1742 747 2018 810 pervenire,

607 829 816 875 eamdem
842 827 1150 874 deduxerant.
1185 826 1274 873 Sed
1306 824 1497 872 tandem
1527 824 1585 870 ab
1618 824 1791 871 eisdem
1819 834 1934 870 tunc
1964 825 2020 870 ad

606 905 844 952 basilicam
872 905 1142 968 Martyrum
1169 902 1364 949 adducta
1383 937 1395 956 ,
1432 912 1478 948 et
1509 913 1721 964 tempore
1753 911 2020 948 nocturna-

607 983 663 1028 lis
684 982 821 1029 officii
836 983 967 1045 juxta
991 980 1220 1027 cancellos
1241 980 1389 1042 posita
1405 1014 1419 1036 ,
1444 997 1528 1042 per
1547 979 1714 1025 merita
1736 989 1781 1025 et
1803 979 2023 1025 interces-

606 1061 790 1106 sionem
812 1056 1087 1104 eorumdem
1107 1058 1394 1103 Sanctorum
1409 1093 1418 1111 ‚
1449 1057 1530 1102 diu
1547 1057 1803 1103 desiderata
1824 1057 2021 1104 sanitate

608 1137 708 1183 sine
729 1152 859 1181 mora
884 1133 1055 1180 donata
1081 1144 1176 1190 est,
1205 1133 1319 1180 adeo
1345 1134 1526 1197 integre
1550 1143 1690 1197 atque
1712 1133 1921 1197 perfecte
1946 1144 2018 1189 ut,

606 1213 825 1260 omnium
843 1211 1176 1258 membrorum
1196 1210 1420 1257 firmitate
1438 1220 1622 1273 recepta
1638 1245 1651 1266 ,
1674 1227 1780 1275 quae
1800 1210 1912 1256 illuc
1928 1210 2023 1257 lec-

607 1291 699 1336 tica
726 1300 947 1345 venerat,
984 1287 1183 1352 pedihus
1214 1286 1270 1333 ad
1303 1288 1495 1351 propria
1529 1298 1776 1334 remearet.
1817 1287 1907 1334 Sed
1939 1286 2021 1333 ubi

607 1367 804 1414 domum
822 1365 976 1412 redire
996 1366 1147 1428 coepit
1161 1401 1173 1421 ,
1201 1365 1250 1410 in
1272 1366 1374 1428 ipso
1399 1366 1570 1412 itinere
1589 1365 1772 1422 eadem,
1794 1383 1884 1429 qua
1907 1364 2022 1412 lihe-

606 1455 755 1489 ratam
783 1460 829 1489 se
856 1441 1114 1507 gaudebat,
1144 1441 1421 1488 infirmitate
1448 1442 1726 1506 corripitur.
1758 1443 1919 1507 Itaque
1943 1459 2025 1488 re-

607 1521 837 1568 versionis
868 1537 963 1566 suae
987 1519 1325 1582 poenitentiam
1349 1537 1517 1584 agens,
1547 1520 1721 1565 iterum
1744 1537 1792 1565 se
1817 1520 1872 1565 ad
1897 1520 2025 1565 Mar-

608 1610 772 1664 tyrum
797 1598 942 1643 limen
969 1597 1129 1644 reduci
1158 1596 1358 1661 rogavit.
1393 1598 1600 1661 Moxque
1625 1608 1679 1642 ut
1706 1595 1896 1643 reducta
1925 1607 2021 1653 est,

608 1693 750 1740 quam
783 1674 1066 1722 discedendo
1096 1676 1314 1720 amiserat
1345 1675 1623 1731 sanitatem,
1656 1674 1755 1721 sine
1782 1674 1875 1719 ulla
1902 1673 2023 1719 dila-

608 1753 740 1798 tione
778 1755 972 1813 recepit.
1011 1750 1140 1799 Voto
1177 1751 1322 1814 igitur
1355 1750 1510 1806 facto,
1551 1761 1605 1795 ut
1643 1767 1722 1796 sua
1764 1760 1935 1814 sponte
1968 1749 2027 1796 de

608 1829 893 1875 Sanctorum
918 1826 1148 1892 obsequio
1167 1829 1263 1891 {am
1285 1828 1487 1891 amplius
1509 1827 1745 1875 discedere
1765 1846 1865 1875 non
1888 1827 2027 1874 debe⁹

607 1917 708 1966 ret,
736 1924 924 1970 parvam
954 1905 1043 1951 sibi
1073 1905 1289 1951 cellulam
1318 1905 1441 1952 haud
1470 1906 1640 1970 procul
1671 1906 1730 1952 ab
1754 1906 1945 1953 ecclesia
1970 1905 2027 1952 ad

608 1982 899 2031 manendum
925 1984 1213 2041 construxit,
1241 2001 1293 2029 ac
1322 1983 1561 2047 deincepS,
1585 1984 1805 2049 religiose
1830 2001 2027 2031 conver-

609 2069 704 2105 sata
744 2060 792 2105 in
830 2058 1060 2124 obsequio
1094 2059 1347 2106 beatorum
1378 2061 1678 2125 Martyrum,
1717 2078 1826 2107 cum
1859 2077 2026 2125 magna

610 2135 864 2182 devotione
888 2137 1164 2199 permansit.

677 2381 754 2426 53.
793 2379 946 2425 Aliam
982 2397 1175 2444 quoque
1213 2379 1442 2426 feminam
1481 2393 1695 2438 constat,
1739 2400 1837 2430 non
1872 2384 2024 2431 multo

609 2467 743 2520 post,
780 2457 1084 2519 per-eosdem
1119 2457 1414 2503 beatissimos
1444 2462 1705 2523 R'Iartyres,
1741 2477 1915 2524 magno
1948 2461 2026 2506 in-

612 2533 864 2608 commodo
899 2532 1164 2580 liberatam.
1206 2535 1322 2594 Qnae
1356 2553 1426 2582 res
1463 2535 1553 2583 hoc
1590 2537 1734 2584 modo
1764 2547 1889 2602 gesta
1932 2555 2027 2585 esse

612 2611 931 2674 cognoscitur.
967 2612 1020 2656 In
1052 2629 1172 2675 pago
1198 2612 1478 2676 Nithagowe
1509 2614 1684 2661 fundus
1717 2624 1811 2672 est,
1844 2614 2024 2661 Ursella

611 2698 830 2743 vocatus,
860 2688 942 2753 qui
973 2706 994 2733 a
1029 2687 1215 2734 basilica
1251 2690 1520 2755 Martyrum
1551 2709 1628 2737 sex
1654 2691 1753 2738 fere
1783 2691 2024 2757 leugarum

613 2762 863 2810 intervallo
903 2761 1164 2811 dirimitur.
1208 2766 1261 2810 In
1299 2784 1395 2830 quo
1433 2767 1604 2813 mulier
1639 2767 1882 2832 quaedam,
1917 2785 2023 2814 cum
