2105 3348
613 278 687 313 ‘228
930 267 1165 305 HISTORIA
1198 263 1612 312 'l'tzANSLA'l’lONIS‚
1647 280 1723 307 ETC.

613 347 1065 411 colloczui———qualis
1097 363 1177 408 per
1208 355 1353 390 totam
1386 360 1503 405 penc
1532 344 1727 390 Galliam
1761 345 1816 391 (lc
1841 346 2001 390 iisdem

612 428 779 474 sanctis
814 421 1103 488 Martyribus
1134 421 1253 466 fama
1289 429 1433 473 essct,
1469 420 1533 465 eis
1565 420 1768 467 indicare
1807 421 1961 466 curavi
1990 442 2000 465 ;

612 502 1034 551 commonefaciens
1065 517 1142 546 eos
1180 510 1231 544 ut
1255 498 1512 561 cogitarent
1538 498 1572 542 si
1610 498 1783 563 aliquid
1817 499 1906 544 tale
1932 497 2003 543 vel

612 581 760 627 simile
783 579 852 624 his
869 615 879 635 ,
907 596 1015 642 quae
1033 577 1281 624 Hildoinus
1298 575 1354 621 de
1377 574 1500 620 sacto
1523 573 1781 638 presbyteri
1804 574 1872 619 sui
1896 592 2008 620 asse-

614 657 770 712 rebat,
800 657 846 702 in
884 656 952 700 via
989 672 1154 701 eorum
1188 652 1366 698 factum.
1401 652 1640 697 advertere
1676 651 1745 698 vel
1770 652 2005 697 reminisci

610 735 890 798 potuissent.
921 732 1011 791 Qui
1035 731 1187 777 statim
1215 729 1269 774 ad
1300 746 1372 775 me
1406 729 1452 774 in
1483 728 1705 791 palatium
1735 728 1972 774 venientes
1993 763 2005 782 ,

611 811 741 858 valde
769 810 999 872 disparem
1025 807 1120 863 his,
1149 824 1254 870 quae
1286 805 1534 851 Hiltloinus
1561 803 1768 859 (licebat,
1804 803 2010 850 fabulam

612 885 901 932 detulerunt.
930 883 1048 929 Nam
1067 883 1113 927 in
1138 881 1299 945 primis
1322 881 1476 927 omnia
1497 916 1508 935 ,
1536 898 1641 944 quae
1668 879 1913 944 presbyter
1934 879 2010 925 ille

611 964 836 1010 Hildoino
855 962 1079 1008 retulerat
1097 996 1106 1014 ‚
1127 960 1235 1005 falsa
1252 977 1345 1006 esse
1371 960 1522 1005 testati
1548 970 1655 1005 sunt
1671 978 1682 1015 3
1701 976 1851 1023 neque
1868 958 2013 1003 ullam

612 1052 769 1105 postea
804 1058 943 1104 quam
970 1041 1118 1085 Roma
1155 1037 1398 1091 exierunt,
1433 1036 1503 1082 vel
1542 1036 1605 1081 illi
1637 1036 1916 1101 presbytero
1940 1035 2013 1081 vel

616 1116 809 1163 cuilibet
833 1116 966 1162 alteri
993 1114 1145 1160 datam
1171 1113 1314 1158 fuisse
1336 1113 1628 1158 occasionem
1644 1148 1655 1167 ,
1688 1130 1770 1174 per
1792 1129 1933 1176 quam
1958 1111 2014 1156 ad

614 1191 837 1257 (jusmodi
861 1191 1040 1236 facinus
1062 1187 1430 1253 perpetrandum
1448 1187 1627 1234 aditum
1645 1188 1815 1235 habeie
1833 1189 2016 1273 potuis-

612 1280 699 1328 set
728 1268 816 1314 Sed
848 1266 971 1315 hoc
963 1283 1117 1330 ipsum
1150 1264 1279 1329 quod
1309 1264 1365 1310 de
1390 1266 1527 1309 saciis
1555 1268 1818 1329 Martyrum
1847 1265 2014 1310 cineli-

615 1349 702 1394 bus
727 1348 861 1393 alitei
886 1356 1026 1409 atque
1051 1342 1274 1389 debuemt
1299 1341 1514 1388 accidisse
1538 1341 1798 1398 constabat,
1830 1342 2013 1397 Romae,

616 1428 664 1472 in
683 1426 826 1472 domo
848 1421 1139 1479 Deusdonae,
1167 1438 1250 1484 per
1273 1437 1326 1465 av
1332 1420 1516 1466 iritiam
1540 1421 1789 1466 Lunisonis
1812 1431 1858 1466 et
1873 1420 2020 1466 vafri-

618 1505 730 1549 tiam
769 1500 1017 1548 memorati
1062 1498 1327 1562 presbyteri
1371 1499 1619 1562 contigisse
1638 1536 1648 1554 ,
1700 1515 1756 1544 eo
1804 1498 2021 1544 videlicet

619 1594 832 1645 tempore
867 1595 962 1643 quo
988 1593 1158 1640 corpus
1187 1575 1311 1622 beati
1338 1575 1627 1632 Marcellini,
1663 1576 1718 1621 de
1746 1575 1905 1621 tumba
1940 1593 2018 1621 sua

621 1659 858 1705 sublatum
874 1692 886 1712 ,
915 1657 962 1701 in
981 1655 1124 1701 domo
1143 1654 1404 1701 Deusdonae
1423 1653 1709 1710 servabatur,
1732 1654 2020 1718 modumque

620 1735 730 1782 faeti
759 1733 894 1778 talem
921 1732 1059 1777 fuisse
1091 1730 1330 1777 dixerunt.
1374 1732 1664 1777 Memoratus
1696 1730 1773 1776 ille
1810 1730 2021 1777 Hildoini

620 1811 789 1876 presby
798 1822 887 1866 ter,
905 1827 1000 1872 spe,
1018 1825 1160 1872 quam
1175 1808 1231 1853 de
1246 1809 1391 1853 sancti
1409 1809 1448 1852 T
1454 1807 1615 1852 iburtii
1637 1825 1835 1871 corpore
1851 1808 1920 1854 adi
1928 1808 2023 1872 pis-

624 1887 772 1935 cendo
806 1895 1108 1948 conceperat,
1142 1884 1418 1938 frustratus,
1451 1902 1508 1930 ne
1538 1884 1739 1931 omnino
1769 1902 1942 1931 vacuus
1967 1885 2022 1931 acl

623 1965 872 2012 dominum
896 1979 1029 2007 suum
1056 1972 1373 2008 reverteretur
1386 1997 1401 2020 ,
1429 1962 1558 2025 quod
1577 1962 1665 2009 fide
1685 1980 1783 2009 non
1808 1974 2019 2027 poterat,

623 2042 787 2090 fraude
805 2041 979 2105 assequi
1003 2040 1194 2086 molitus
1215 2051 1298 2086 est.
1320 2039 1438 2086 Nam
1460 2041 1748 2087 Lunisonem
1767 2059 2020 2106 aggressus,

625 2121 731 2186 quia
759 2135 1010 2182 pauperem
1036 2135 1088 2163 ac
1106 2118 1305 2182 proinde
1326 2119 1550 2181 cupidum
1584 2137 1679 2166 esse
1706 2131 1989 2184 cognoverat
2008 2157 2020 2177 ,

627 2197 796 2244 oblatis
819 2196 857 2242 ei
888 2205 1094 2259 quatuor
1127 2195 1277 2241 aureis
1311 2196 1539 2250 nummis,
1568 2196 1818 2261 quinisque
1843 2199 2021 2262 argenti

628 2274 809 2328 solidis,
848 2272 903 2317 ad
937 2272 1257 2334 proditionem
1293 2272 1548 2318 faciendam
1585 2273 1748 2319 illexit.
1778 2274 2026 2338 Accipiens

628 2352 756 2399 enim
780 2348 986 2396 oblatam
1010 2349 1279 2411 pecuniam,
1308 2367 1480 2406 arcam,
1507 2350 1552 2395 in
1584 2368 1671 2415 qua
1704 2367 1874 2415 corpus
1901 2351 2024 2399 beati

631 2426 890 2476 Marcellini
912 2435 1010 2471 erat
1032 2443 1054 2470 a
1070 2426 1314 2473 Deusdona
1330 2427 1596 2492 depositum
1615 2439 1753 2493 atque
1774 2430 2022 2487 inclusum,

631 2504 841 2570 aperuit,
869 2501 913 2549 et
939 2502 1004 2547 illi
1034 2504 1320 2568 nequissimo
1351 2505 1579 2552 nebuloni
1608 2505 1847 2552 auferendi
1885 2524 1940 2553 ex
1977 2525 2026 2554 ea

631 2581 759 2647 quod
788 2579 952 2634 vellet,
977 2579 1163 2643 qualem
1191 2581 1285 2643 ipse
1308 2592 1568 2645 optaverat,
1587 2593 1866 2647 potestatem
1895 2583 2023 2630 fecit.

634 2660 730 2706 Nec
752 2657 827 2702 ille
852 2656 898 2702 in
926 2673 975 2702 ea
999 2656 1162 2720 rapina
1190 2675 1352 2719 parcus
1382 2658 1476 2705 fuit
1501 2681 1509 2705 :
1539 2678 1646 2705 nam
1670 2670 1855 2705 tanturn
1873 2660 1929 2707 de
1952 2679 2026 2706 sa—

636 2735 724 2779 cris
759 2732 879 2779 beati
922 2732 1144 2796 Martyris
1183 2733 1417 2781 cineribus
1448 2735 1660 2792 sustulit,
1696 2747 1927 2799 quantum
1951 2754 2029 2782 vas
