1979 3348
576 211 830 250 EINHARDI
863 212 1095 251 CHARTAE.
1467 215 1542 253 423

139 291 196 336 tia
244 289 416 338 horum
462 291 651 338 testium
689 309 895 356 quorum
931 294 1156 356 [nomina
1197 294 1255 357 ec]
1309 294 1540 358 signacula

134 366 298 415 subter
315 378 540 415 tenentur
556 369 745 415 inserta.
764 361 932 433 Egoin
951 369 1031 417 Dei
1051 370 1259 434 [nomine
1271 371 1348 417 lll.
1367 371 1540 434 abbas]

134 442 225 491 hoc
254 454 586 491 testamentum
612 446 916 510 ingenuitatis
937 446 1038 492 fieri
1056 448 1172 510 jussi
1198 459 1244 494 et
1267 466 1411 494 manu
1431 465 1538 511 pro-

134 523 235 584 pria
261 522 422 569 subter
449 522 648 569 firmavi.
678 524 776 586 Ego
805 525 851 569 in
876 523 1050 570 Christi
1075 526 1271 572 nomine
1301 526 1372 572 lll.
1403 525 1543 571 abbas

133 600 388 663 recognovi
414 610 459 646 et
484 601 703 647 similiter
721 599 883 646 subter
909 601 1109 648 firmavi.

414 782 479 819 IV.
513 781 861 820 COMMUTATIO
889 782 1259 821 MANCIPIORUM

133 877 238 915 Inter
268 877 503 916 Einhardum
535 879 709 917 abbatem
740 888 776 917 ct
806 879 1070 918 Theodradam
1097 882 1311 918 monasterii
1345 881 1381 919 S.
1414 882 1541 919 Maria·

509 950 831 1002 Argentogilensis
852 950 1078 988 abbatissam
1101 954 1168 999 (1).

731 1044 830 1083 (Ann.
853 1044 944 1086 824.)

192 1144 501 1209 Oppitulante
535 1145 744 1192 Domino
781 1146 890 1192 Jesu
931 1143 1149 1204 Christo,
1184 1145 1364 1208 placuit
1400 1155 1539 1209 atque

126 1223 354 1269 convenit
385 1224 509 1269 inter
534 1221 875 1269 Theodredane
904 1221 1196 1269 nobilissima
1226 1221 1454 1268 abbatissa
1484 1221 1539 1267 dc

126 1300 414 1347 monasterio
456 1301 640 1346 Sanctae
683 1300 847 1347 Mariae
889 1301 1282 1366 Argentogileuse
1319 1301 1414 1363 (2),
1452 1317 1538 1346 ne(-

125 1395 223 1425 non
255 1389 301 1425 et
330 1379 455 1425 inter
488 1378 807 1425 venerabilem
838 1377 1134 1425 Emi-tardum
1167 1378 1408 1433 abbatem,
1446 1395 1535 1423 una

123 1474 232 1502 cum
253 1474 486 1504 consensu
505 1461 549 1503 et
577 1457 822 1504 voluntate
841 1457 1032 1503 ancilias
1058 1459 1143 1504 Dei
1167 1457 1343 1503 ibidem
1367 1457 1536 1503 consis-

124 1533 346 1591 tentium,
362 1532 557 1580 ethonis
570 1533 846 1580 hominibus
858 1535 1134 1581 consentiet]
1143 1545 1226 1590 tes,
1240 1533 1547 1596 utmancipia-

123 1611 247 1657 inter
270 1627 317 1657 se
341 1621 634 1657 commutare
661 1611 734 1658 vel
757 1612 1016 1658 excamiare
1039 1610 1283 1658 deberent.
1309 1610 1449 1670 Quod
1472 1610 1533 1656 ita

120 1699 166 1735 et
192 1688 428 1736 fecerunt.
457 1688 597 1735 Dedit
622 1690 768 1753 igitur
792 1689 1225 1752 praecellentissima
1256 1687 1532 1735 Theodrada

119 1766 351 1813 abbatissa
379 1766 436 1814 de
459 1768 646 1814 ratione
670 1768 856 1814 Sanetae
884 1768 1046 1814 Mariae
1065 1765 1279 1830 partibus
1304 1764 1530 1813 Einhardi

166 1954 218 2001 (1)
236 1953 343 1990 Cette
367 1953 492 1988 charte
510 1952 711 2000 d‘echange
731 1966 748 1987 a
768 1954 826 1988 ete
846 1953 1039 2000 imprimee
1064 1965 1158 2001 pour
1183 1953 1217 1988 la
1240 1953 1421 2000 premiere
1442 1953 1529 1995 sois,

119 2019 261 2066 d’apres
279 2018 480 2066 l’original,
500 2031 565 2065 par
586 2019 631 2053 D.
651 2018 846 2061 Mafflllou,
868 2019 925 2054 De
944 2032 983 2054 re
1001 2018 1205 2065 diplomat„
1228 2018 1291 2054 lib.
1310 2030 1366 2063 vi,
1388 2031 1424 2065 p.
1444 2019 1529 2062 515,

118 2090 156 2119 et
176 2083 389 2131 reproduite
409 2095 474 2130 par
493 2083 736 2126 Weinckens,
758 2096 794 2130 p.
821 2084 895 2118 105.
912 2083 958 2119 D.
978 2083 1155 2118 Mabillon
1171 2083 1306 2119 semble
1324 2084 1444 2119 croire
1459 2096 1531 2131 que

118 2156 175 2184 cet
191 2156 271 2185 acte
290 2148 491 2196 d’echange
509 2161 528 2183 a
546 2150 604 2183 ete
619 2148 749 2183 conclu
766 2161 832 2195 par
849 2141 1040 2195 Eginhard
1057 2160 1198 2184 comme
1218 2148 1310 2184 abbe
1327 2148 1373 2183 de
1395 2149 1530 2184 Fonte-

118 2213 231 2258 nelle‚
259 2214 350 2248 mais
374 2213 460 2248 c'est
485 2212 606 2260 plutct
628 2225 770 2248 comme
792 2212 884 2247 abbe
908 2212 953 2248 de
974 2212 1197 2260 Blandigny3
1219 2225 1280 2248 car
1297 2213 1331 2247 la
1351 2214 1531 2260 premiere

117 2280 306 2326 signature
323 2279 369 2314 de
384 2279 488 2314 l’acte
501 2285 555 2314 est
574 2277 662 2313 celle
683 2278 734 2312 du
747 2277 888 2313 vidame
902 2277 947 2313 de
966 2278 1171 2326 Blandigny
1187 2291 1260 2326 que
1278 2291 1370 2314 nous
1388 2285 1531 2314 retrou-

118 2355 206 2378 vons
223 2343 312 2378 dans
336 2343 372 2377 la
399 2343 525 2378 charte
543 2343 719 2386 suivante‚
747 2349 784 2377 et
807 2342 1003 2387 d’ailleurs,
1029 2355 1076 2378 en
1094 2342 1175 2387 824,
1196 2335 1386 2391 Eginhard
1407 2343 1532 2378 n'etait

118 2409 199 2455 deja
217 2408 299 2456 plus
317 2407 409 2442 abbe
425 2407 471 2442 de
487 2407 710 2443 Fontenelle.
739 2407 772 2442 Il
794 2408 889 2443 avait
914 2407 1002 2442 cede
1026 2420 1067 2443 ce
1085 2408 1291 2443 monastere
1315 2409 1334 2442 ἐι
1356 2408 1531 2454 Ansegise

118 2474 182 2509 des
201 2473 341 2508 l'annee
357 2471 587 2519 precedente.

165 2539 215 2584 (2)
241 2538 290 2572 Le
313 2536 518 2571 monastere
546 2535 591 2569 de
615 2535 864 2570 Notre-Dame
888 2535 1142 2583 d’Argenteuil
1167 2535 1250 2582 pres
1274 2534 1394 2575 Paris,
1421 2534 1531 2569 fonde

118 2615 198 2638 vers
218 2601 307 2645 665,
333 2613 416 2636 sous
438 2600 599 2636 Clotaire
623 2600 691 2635 ΙΙΙ.
719 2600 839 2647 (Voy.
863 2600 898 2636 le
917 2613 998 2636 nou.
1032 2599 1131 2634 Gall.
1157 2599 1304 2643 Christ„
1328 2599 1414 2642 VII,
1436 2599 1532 2646 507.)

120 2667 306 2702 L⁷abbesse
332 2664 575 2700 Theoderade
597 2664 686 2700 etait
705 2664 776 2699 fine
797 2664 843 2699 de
861 2663 1126 2709 Charlemagne
1145 2669 1181 2697 et
1200 2661 1244 2697 de
1267 2662 1299 2697 la
1324 2663 1425 2697 reine
1446 2663 1532 2697 Fas-

120 2731 222 2766 tmde
235 2759 243 2773 ‚
264 2729 449 2765 troisicmc
470 2729 602 2764 semme
623 2728 667 2763 de
687 2741 727 2763 ce
746 2730 884 2775 priucc.
