<?xml version="1.0" encoding="UTF-8"?>
<!DOCTYPE html PUBLIC "-//W3C//DTD XHTML 1.0 Transitional//EN"
    "http://www.w3.org/TR/xhtml1/DTD/xhtml1-transitional.dtd">
<html xmlns="http://www.w3.org/1999/xhtml" xml:lang="en" lang="en">
 <head>
  <title>
</title>
<meta http-equiv="Content-Type" content="text/html;charset=utf-8" />
  <meta name='ocr-system' content='tesseract 3.04.00' />
  <meta name='ocr-capabilities' content='ocr_page ocr_carea ocr_par ocr_line ocrx_word'/>
</head>
<body>
  <div class='ocr_page' id='page_1' title='image "./einhardiomniaqua02einhuoft_0443.png"; bbox 0 0 1979 3348; ppageno 0'>
   <div class='ocr_carea' id='block_1_1' title="bbox 507 295 1519 339">
    <p class='ocr_par' dir='ltr' id='par_1_1' title="bbox 507 295 1519 339">
     <span class='ocr_line' id='line_1_1' title="bbox 507 295 1519 339; baseline 0.005 -6"><span class='ocrx_word' id='word_1_1' title='bbox 507 295 825 334; x_wconf 85' lang='lat' dir='ltr'><strong>MARCELLINI</strong></span> <span class='ocrx_word' id='word_1_2' title='bbox 856 296 919 334; x_wconf 90' lang='lat' dir='ltr'>ET</span> <span class='ocrx_word' id='word_1_3' title='bbox 952 296 1116 335; x_wconf 84' lang='lat' dir='ltr'>PETRI.</span> <span class='ocrx_word' id='word_1_4' title='bbox 1442 300 1519 339; x_wconf 76' lang='lat'>403</span> 
     </span>
    </p>
   </div>
   <div class='ocr_carea' id='block_1_2' title="bbox 94 381 1469 2518">
    <p class='ocr_par' dir='ltr' id='par_1_2' title="bbox 104 381 1469 1517">
     <span class='ocr_line' id='line_1_2' title="bbox 112 381 1278 442; baseline 0.001 -18"><span class='ocrx_word' id='word_1_5' title='bbox 112 381 157 424; x_wconf 87' lang='lat' dir='ltr'>Si</span> <span class='ocrx_word' id='word_1_6' title='bbox 178 382 273 439; x_wconf 87' lang='lat' dir='ltr'>quis</span> <span class='ocrx_word' id='word_1_7' title='bbox 298 396 396 423; x_wconf 82' lang='lat' dir='ltr'>vero</span> <span class='ocrx_word' id='word_1_8' title='bbox 423 382 615 425; x_wconf 89' lang='lat' dir='ltr'>nondum</span> <span class='ocrx_word' id='word_1_9' title='bbox 639 385 768 425; x_wconf 79' lang='lat' dir='ltr'>vitam</span> <span class='ocrx_word' id='word_1_10' title='bbox 797 383 1056 425; x_wconf 85' lang='lat' dir='ltr'>mundialem</span> <span class='ocrx_word' id='word_1_11' title='bbox 1083 399 1278 442; x_wconf 83' lang='lat' dir='ltr'>spernere</span> 
     </span>
     <span class='ocr_line' id='line_1_3' title="bbox 112 457 1215 517; baseline 0.003 -18"><span class='ocrx_word' id='word_1_12' title='bbox 112 457 255 509; x_wconf 81' lang='lat' dir='ltr'>Valet,</span> <span class='ocrx_word' id='word_1_13' title='bbox 279 468 404 516; x_wconf 87' lang='lat' dir='ltr'>atque</span> <span class='ocrx_word' id='word_1_14' title='bbox 427 468 738 502; x_wconf 88' lang='lat' dir='ltr'>tormentorum</span> <span class='ocrx_word' id='word_1_15' title='bbox 761 470 821 502; x_wconf 83' lang='lat' dir='ltr'>cst</span> <span class='ocrx_word' id='word_1_16' title='bbox 843 475 998 517; x_wconf 78' lang='lat' dir='ltr'>pavore</span> <span class='ocrx_word' id='word_1_17' title='bbox 1025 461 1215 512; x_wconf 86' lang='lat' dir='ltr'>territus,</span> 
     </span>
     <span class='ocr_line' id='line_1_4' title="bbox 111 535 1129 593; baseline 0.001 -17"><span class='ocrx_word' id='word_1_18' title='bbox 111 535 191 577; x_wconf 91' lang='lat' dir='ltr'>Eat</span> <span class='ocrx_word' id='word_1_19' title='bbox 214 535 336 587; x_wconf 87' lang='lat' dir='ltr'>liber,</span> <span class='ocrx_word' id='word_1_20' title='bbox 362 551 448 593; x_wconf 88' lang='lat' dir='ltr'>quo</span> <span class='ocrx_word' id='word_1_21' title='bbox 471 535 666 578; x_wconf 77' lang='lat' dir='ltr'>voluntas</span> <span class='ocrx_word' id='word_1_22' title='bbox 689 536 806 578; x_wconf 92' lang='lat' dir='ltr'>illum</span> <span class='ocrx_word' id='word_1_23' title='bbox 833 552 905 578; x_wconf 89' lang='lat' dir='ltr'>sua</span> <span class='ocrx_word' id='word_1_24' title='bbox 932 536 1089 579; x_wconf 88' lang='lat' dir='ltr'>tulerit.</span> <span class='ocrx_word' id='word_1_25' title='bbox 1111 556 1129 577; x_wconf 74' lang='grc' dir='ltr'><strong>υ</strong></span> 
     </span>
     <span class='ocr_line' id='line_1_5' title="bbox 112 612 1151 670; baseline 0.002 -16"><span class='ocrx_word' id='word_1_26' title='bbox 112 613 220 655; x_wconf 86' lang='lat' dir='ltr'>Ecce</span> <span class='ocrx_word' id='word_1_27' title='bbox 243 623 383 655; x_wconf 90' lang='lat' dir='ltr'>autem</span> <span class='ocrx_word' id='word_1_28' title='bbox 406 612 536 668; x_wconf 76' lang='lat' dir='ltr'>¹judex</span> <span class='ocrx_word' id='word_1_29' title='bbox 551 645 562 664; x_wconf 82' lang='lat'>,</span> <span class='ocrx_word' id='word_1_30' title='bbox 587 613 726 670; x_wconf 90' lang='lat' dir='ltr'>primo</span> <span class='ocrx_word' id='word_1_31' title='bbox 749 614 885 654; x_wconf 89' lang='lat' dir='ltr'>noctis</span> <span class='ocrx_word' id='word_1_32' title='bbox 907 612 1125 669; x_wconf 80' lang='lat' dir='ltr'>gallicinio</span> <span class='ocrx_word' id='word_1_33' title='bbox 1142 647 1151 663; x_wconf 82' lang='lat'>,</span> 
     </span>
     <span class='ocr_line' id='line_1_6' title="bbox 113 688 1101 747; baseline 0.001 -16"><span class='ocrx_word' id='word_1_34' title='bbox 113 689 259 746; x_wconf 80' lang='lat' dir='ltr'>Surgit</span> <span class='ocrx_word' id='word_1_35' title='bbox 280 689 405 747; x_wconf 79' lang='lat' dir='ltr'>vigil,</span> <span class='ocrx_word' id='word_1_36' title='bbox 433 705 480 731; x_wconf 87' lang='lat' dir='ltr'>ac</span> <span class='ocrx_word' id='word_1_37' title='bbox 503 688 663 731; x_wconf 81' lang='lat' dir='ltr'>furenti</span> <span class='ocrx_word' id='word_1_38' title='bbox 686 705 790 731; x_wconf 74' lang='lat' dir='ltr'>voce</span> <span class='ocrx_word' id='word_1_39' title='bbox 809 688 932 746; x_wconf 90' lang='lat' dir='ltr'>jubet</span> <span class='ocrx_word' id='word_1_40' title='bbox 954 691 1101 732; x_wconf 87' lang='lat' dir='ltr'>noxios</span> 
     </span>
     <span class='ocr_line' id='line_1_7' title="bbox 113 764 1009 823; baseline -0.001 -16"><span class='ocrx_word' id='word_1_41' title='bbox 113 765 208 808; x_wconf 90' lang='lat' dir='ltr'>Suis</span> <span class='ocrx_word' id='word_1_42' title='bbox 235 781 382 808; x_wconf 90' lang='lat' dir='ltr'>omnes</span> <span class='ocrx_word' id='word_1_43' title='bbox 406 765 600 823; x_wconf 78' lang='lat' dir='ltr'>alligatos</span> <span class='ocrx_word' id='word_1_44' title='bbox 622 765 813 808; x_wconf 78' lang='lat' dir='ltr'>exhiberi</span> <span class='ocrx_word' id='word_1_45' title='bbox 835 764 1009 807; x_wconf 73' lang='lat' dir='ltr'>visibus.</span> 
     </span>
     <span class='ocr_line' id='line_1_8' title="bbox 111 841 1252 900; baseline 0.001 -17"><span class='ocrx_word' id='word_1_46' title='bbox 111 843 294 884; x_wconf 87' lang='lat' dir='ltr'>—Huic</span> <span class='ocrx_word' id='word_1_47' title='bbox 317 852 465 900; x_wconf 84' lang='lat' dir='ltr'>praesto</span> <span class='ocrx_word' id='word_1_48' title='bbox 493 841 705 883; x_wconf 76' lang='lat' dir='ltr'>tenebrosi</span> <span class='ocrx_word' id='word_1_49' title='bbox 729 851 869 884; x_wconf 85' lang='lat' dir='ltr'>custos</span> <span class='ocrx_word' id='word_1_50' title='bbox 889 851 1026 883; x_wconf 87' lang='lat' dir='ltr'>astans</span> <span class='ocrx_word' id='word_1_51' title='bbox 1049 845 1252 885; x_wconf 74' lang='lat' dir='ltr'>carceris:</span> 
     </span>
     <span class='ocr_line' id='line_1_9' title="bbox 114 918 1240 976; baseline 0.003 -19"><span class='ocrx_word' id='word_1_52' title='bbox 114 919 300 961; x_wconf 85' lang='lat' dir='ltr'>«Petrus</span> <span class='ocrx_word' id='word_1_53' title='bbox 318 953 328 968; x_wconf 70' lang='lat'>‚</span> <span class='ocrx_word' id='word_1_54' title='bbox 353 920 438 971; x_wconf 87' lang='lat' dir='ltr'>ait,</span> <span class='ocrx_word' id='word_1_55' title='bbox 462 919 692 970; x_wconf 82' lang='lat' dir='ltr'>exorcista,</span> <span class='ocrx_word' id='word_1_56' title='bbox 717 934 843 976; x_wconf 91' lang='lat' dir='ltr'>quem</span> <span class='ocrx_word' id='word_1_57' title='bbox 867 919 1010 976; x_wconf 87' lang='lat' dir='ltr'>puniri</span> <span class='ocrx_word' id='word_1_58' title='bbox 1033 918 1240 974; x_wconf 77' lang='lat' dir='ltr'>jusseras,</span> 
     </span>
     <span class='ocr_line' id='line_1_10' title="bbox 109 994 1299 1043; baseline 0.001 -6"><span class='ocrx_word' id='word_1_59' title='bbox 109 995 191 1038; x_wconf 92' lang='lat' dir='ltr'>Per</span> <span class='ocrx_word' id='word_1_60' title='bbox 211 997 410 1038; x_wconf 84' lang='lat' dir='ltr'>virtutem</span> <span class='ocrx_word' id='word_1_61' title='bbox 430 995 495 1037; x_wconf 88' lang='lat' dir='ltr'>sui</span> <span class='ocrx_word' id='word_1_62' title='bbox 517 994 677 1037; x_wconf 85' lang='lat' dir='ltr'>Christi</span> <span class='ocrx_word' id='word_1_63' title='bbox 701 1004 878 1037; x_wconf 81' lang='lat' dir='ltr'>cunctos</span> <span class='ocrx_word' id='word_1_64' title='bbox 905 995 1069 1037; x_wconf 87' lang='lat' dir='ltr'>vinctos</span> <span class='ocrx_word' id='word_1_65' title='bbox 1094 995 1299 1043; x_wconf 49' lang='lat' dir='ltr'>solveram</span> 
     </span>
     <span class='ocr_line' id='line_1_11' title="bbox 108 1070 1026 1128; baseline -0.001 -13"><span class='ocrx_word' id='word_1_66' title='bbox 108 1073 160 1116; x_wconf 90' lang='lat' dir='ltr'>Et</span> <span class='ocrx_word' id='word_1_67' title='bbox 182 1073 339 1116; x_wconf 87' lang='lat' dir='ltr'>catenis</span> <span class='ocrx_word' id='word_1_68' title='bbox 361 1070 599 1124; x_wconf 85' lang='lat' dir='ltr'>absolutos,</span> <span class='ocrx_word' id='word_1_69' title='bbox 626 1072 686 1113; x_wconf 93' lang='lat' dir='ltr'>ire</span> <span class='ocrx_word' id='word_1_70' title='bbox 707 1072 832 1128; x_wconf 85' lang='lat' dir='ltr'>jussit</span> <span class='ocrx_word' id='word_1_71' title='bbox 855 1072 1026 1114; x_wconf 88' lang='lat' dir='ltr'>liberos.</span> 
     </span>
     <span class='ocr_line' id='line_1_12' title="bbox 106 1149 1378 1209; baseline 0.001 -16"><span class='ocrx_word' id='word_1_72' title='bbox 106 1150 199 1209; x_wconf 89' lang='lat' dir='ltr'>Ipse</span> <span class='ocrx_word' id='word_1_73' title='bbox 224 1161 388 1201; x_wconf 87' lang='lat' dir='ltr'>tamen,</span> <span class='ocrx_word' id='word_1_74' title='bbox 414 1149 720 1191; x_wconf 83' lang='lat' dir='ltr'>Marcellinum</span> <span class='ocrx_word' id='word_1_75' title='bbox 741 1149 970 1208; x_wconf 88' lang='lat' dir='ltr'>quemdam</span> <span class='ocrx_word' id='word_1_76' title='bbox 998 1166 1143 1192; x_wconf 87' lang='lat' dir='ltr'>secum</span> <span class='ocrx_word' id='word_1_77' title='bbox 1171 1153 1378 1204; x_wconf 88' lang='lat' dir='ltr'>retinens,</span> 
     </span>
     <span class='ocr_line' id='line_1_13' title="bbox 105 1225 1220 1285; baseline -0.003 -16"><span class='ocrx_word' id='word_1_78' title='bbox 105 1227 154 1269; x_wconf 93' lang='lat' dir='ltr'>In</span> <span class='ocrx_word' id='word_1_79' title='bbox 180 1243 266 1285; x_wconf 90' lang='lat' dir='ltr'>qua</span> <span class='ocrx_word' id='word_1_80' title='bbox 286 1225 417 1269; x_wconf 90' lang='lat' dir='ltr'>semel</span> <span class='ocrx_word' id='word_1_81' title='bbox 439 1226 591 1268; x_wconf 84' lang='lat' dir='ltr'>missus</span> <span class='ocrx_word' id='word_1_82' title='bbox 613 1236 705 1268; x_wconf 90' lang='lat' dir='ltr'>erat</span> <span class='ocrx_word' id='word_1_83' title='bbox 727 1236 949 1285; x_wconf 89' lang='lat' dir='ltr'>permanet</span> <span class='ocrx_word' id='word_1_84' title='bbox 971 1226 1180 1269; x_wconf 83' lang='lat' dir='ltr'>custodia.</span> <span class='ocrx_word' id='word_1_85' title='bbox 1202 1246 1220 1267; x_wconf 86' lang='lat'>»</span> 
     </span>
     <span class='ocr_line' id='line_1_14' title="bbox 106 1301 1138 1361; baseline -0.001 -16"><span class='ocrx_word' id='word_1_86' title='bbox 106 1304 206 1346; x_wconf 87' lang='lat' dir='ltr'>Haec</span> <span class='ocrx_word' id='word_1_87' title='bbox 228 1302 440 1346; x_wconf 86' lang='lat' dir='ltr'>dicentem</span> <span class='ocrx_word' id='word_1_88' title='bbox 462 1301 725 1344; x_wconf 82' lang='lat' dir='ltr'>&#39;furibundus</span> <span class='ocrx_word' id='word_1_89' title='bbox 749 1303 932 1361; x_wconf 87' lang='lat' dir='ltr'>imperat</span> <span class='ocrx_word' id='word_1_90' title='bbox 952 1303 1138 1346; x_wconf 77' lang='lat' dir='ltr'>vicarius</span> 
     </span>
     <span class='ocr_line' id='line_1_15' title="bbox 105 1379 1469 1438; baseline 0.002 -16"><span class='ocrx_word' id='word_1_91' title='bbox 105 1379 287 1424; x_wconf 92' lang='lat' dir='ltr'>Plumbo</span> <span class='ocrx_word' id='word_1_92' title='bbox 309 1396 487 1432; x_wconf 87' lang='lat' dir='ltr'>caesum,</span> <span class='ocrx_word' id='word_1_93' title='bbox 514 1389 641 1438; x_wconf 91' lang='lat' dir='ltr'>atque</span> <span class='ocrx_word' id='word_1_94' title='bbox 665 1380 856 1422; x_wconf 82' lang='lat' dir='ltr'>vinctum</span> <span class='ocrx_word' id='word_1_95' title='bbox 872 1414 882 1433; x_wconf 97' lang='lat'>,</span> <span class='ocrx_word' id='word_1_96' title='bbox 906 1382 1087 1423; x_wconf 87' lang='lat' dir='ltr'>carceris</span> <span class='ocrx_word' id='word_1_97' title='bbox 1111 1384 1175 1438; x_wconf 84' lang='lat'>(1)</span> <span class='ocrx_word' id='word_1_98' title='bbox 1197 1382 1469 1425; x_wconf 85' lang='lat' dir='ltr'>Arthemium</span> 
     </span>
     <span class='ocr_line' id='line_1_16' title="bbox 104 1457 1263 1517; baseline 0.001 -17"><span class='ocrx_word' id='word_1_99' title='bbox 104 1457 153 1500; x_wconf 89' lang='lat' dir='ltr'>In</span> <span class='ocrx_word' id='word_1_100' title='bbox 178 1457 405 1500; x_wconf 85' lang='lat' dir='ltr'>obscuram</span> <span class='ocrx_word' id='word_1_101' title='bbox 429 1467 555 1515; x_wconf 88' lang='lat' dir='ltr'>atque</span> <span class='ocrx_word' id='word_1_102' title='bbox 583 1466 745 1500; x_wconf 88' lang='lat' dir='ltr'>arctam</span> <span class='ocrx_word' id='word_1_103' title='bbox 769 1457 829 1517; x_wconf 84' lang='lat'>(2)</span> <span class='ocrx_word' id='word_1_104' title='bbox 853 1459 984 1517; x_wconf 82' lang='lat' dir='ltr'>recipi</span> <span class='ocrx_word' id='word_1_105' title='bbox 1010 1458 1263 1501; x_wconf 82' lang='lat' dir='ltr'>custodiam.</span> 
     </span>
    </p>

    <p class='ocr_par' dir='ltr' id='par_1_3' title="bbox 94 1534 1468 2518">
     <span class='ocr_line' id='line_1_17' title="bbox 166 1534 1468 1596; baseline 0.002 -18"><span class='ocrx_word' id='word_1_106' title='bbox 166 1541 207 1578; x_wconf 90' lang='grc'>8.</span> <span class='ocrx_word' id='word_1_107' title='bbox 243 1535 421 1578; x_wconf 91' lang='lat' dir='ltr'>Sanctos</span> <span class='ocrx_word' id='word_1_108' title='bbox 444 1550 544 1577; x_wconf 74' lang='lat' dir='ltr'>vero</span> <span class='ocrx_word' id='word_1_109' title='bbox 567 1534 870 1577; x_wconf 86' lang='lat' dir='ltr'>Marcellinum</span> <span class='ocrx_word' id='word_1_110' title='bbox 899 1546 1025 1594; x_wconf 80' lang='lat' dir='ltr'>atque</span> <span class='ocrx_word' id='word_1_111' title='bbox 1047 1537 1220 1578; x_wconf 85' lang='lat' dir='ltr'>Petrum</span> <span class='ocrx_word' id='word_1_112' title='bbox 1242 1548 1468 1596; x_wconf 71' lang='lat' dir='ltr'>martyres,</span> 
     </span>
     <span class='ocr_line' id='line_1_18' title="bbox 103 1612 1129 1672; baseline 0.002 -17"><span class='ocrx_word' id='word_1_113' title='bbox 103 1613 398 1672; x_wconf 84' lang='lat' dir='ltr'>Quaestionem</span> <span class='ocrx_word' id='word_1_114' title='bbox 424 1612 650 1655; x_wconf 88' lang='lat' dir='ltr'>habiturus</span> <span class='ocrx_word' id='word_1_115' title='bbox 672 1612 723 1655; x_wconf 89' lang='lat' dir='ltr'>de</span> <span class='ocrx_word' id='word_1_116' title='bbox 747 1613 919 1655; x_wconf 89' lang='lat' dir='ltr'>illorum</span> <span class='ocrx_word' id='word_1_117' title='bbox 941 1614 1104 1657; x_wconf 86' lang='lat' dir='ltr'>actibus</span> <span class='ocrx_word' id='word_1_118' title='bbox 1119 1648 1129 1667; x_wconf 86' lang='lat'>,</span> 
     </span>
     <span class='ocr_line' id='line_1_19' title="bbox 101 1689 1169 1750; baseline 0.001 -17"><span class='ocrx_word' id='word_1_119' title='bbox 101 1691 190 1733; x_wconf 88' lang='lat' dir='ltr'>Suo</span> <span class='ocrx_word' id='word_1_120' title='bbox 205 1689 330 1748; x_wconf 86' lang='lat' dir='ltr'>jubet</span> <span class='ocrx_word' id='word_1_121' title='bbox 346 1706 478 1733; x_wconf 76' lang='lat' dir='ltr'>saevus</span> <span class='ocrx_word' id='word_1_122' title='bbox 495 1689 629 1748; x_wconf 87' lang='lat' dir='ltr'>judex</span> <span class='ocrx_word' id='word_1_123' title='bbox 650 1690 855 1733; x_wconf 87' lang='lat' dir='ltr'>tribunali</span> <span class='ocrx_word' id='word_1_124' title='bbox 878 1692 1066 1734; x_wconf 82' lang='lat' dir='ltr'>assistere</span> <span class='ocrx_word' id='word_1_125' title='bbox 1091 1691 1169 1750; x_wconf 89' lang='lat'>(3).</span> 
     </span>
     <span class='ocr_line' id='line_1_20' title="bbox 101 1767 1332 1827; baseline 0.002 -17"><span class='ocrx_word' id='word_1_126' title='bbox 101 1767 226 1826; x_wconf 86' lang='lat' dir='ltr'>Quos</span> <span class='ocrx_word' id='word_1_127' title='bbox 253 1777 299 1810; x_wconf 88' lang='lat' dir='ltr'>ut</span> <span class='ocrx_word' id='word_1_128' title='bbox 321 1769 453 1810; x_wconf 83' lang='lat' dir='ltr'>torvis</span> <span class='ocrx_word' id='word_1_129' title='bbox 477 1783 622 1810; x_wconf 90' lang='lat' dir='ltr'>coram</span> <span class='ocrx_word' id='word_1_130' title='bbox 646 1776 802 1809; x_wconf 83' lang='lat' dir='ltr'>stantes</span> <span class='ocrx_word' id='word_1_131' title='bbox 827 1769 1099 1827; x_wconf 88' lang='lat' dir='ltr'>conspicatur</span> <span class='ocrx_word' id='word_1_132' title='bbox 1123 1768 1332 1821; x_wconf 82' lang='lat' dir='ltr'>vultibus,</span> 
     </span>
     <span class='ocr_line' id='line_1_21' title="bbox 101 1843 1267 1903; baseline 0.002 -17"><span class='ocrx_word' id='word_1_133' title='bbox 101 1843 273 1886; x_wconf 86' lang='lat' dir='ltr'>Blandis</span> <span class='ocrx_word' id='word_1_134' title='bbox 298 1844 438 1903; x_wconf 88' lang='lat' dir='ltr'>primo</span> <span class='ocrx_word' id='word_1_135' title='bbox 465 1843 786 1902; x_wconf 88' lang='lat' dir='ltr'>compellandos</span> <span class='ocrx_word' id='word_1_136' title='bbox 810 1843 1039 1887; x_wconf 81' lang='lat' dir='ltr'>arbitratus</span> <span class='ocrx_word' id='word_1_137' title='bbox 1066 1845 1267 1896; x_wconf 81' lang='lat' dir='ltr'>vocibus,</span> 
     </span>
     <span class='ocr_line' id='line_1_22' title="bbox 100 1921 1160 1980; baseline 0 -16"><span class='ocrx_word' id='word_1_138' title='bbox 100 1922 158 1964; x_wconf 90' lang='lat' dir='ltr'>Ut</span> <span class='ocrx_word' id='word_1_139' title='bbox 183 1937 331 1963; x_wconf 93' lang='lat' dir='ltr'>eorum</span> <span class='ocrx_word' id='word_1_140' title='bbox 355 1930 617 1979; x_wconf 82' lang='lat' dir='ltr'>permutaret</span> <span class='ocrx_word' id='word_1_141' title='bbox 638 1921 847 1963; x_wconf 87' lang='lat' dir='ltr'>mentium</span> <span class='ocrx_word' id='word_1_142' title='bbox 871 1922 1160 1980; x_wconf 87' lang='lat' dir='ltr'>propositum:</span> 
     </span>
     <span class='ocr_line' id='line_1_23' title="bbox 105 1998 1275 2057; baseline 0.001 -17"><span class='ocrx_word' id='word_1_143' title='bbox 105 2017 125 2040; x_wconf 91' lang='lat'>«</span> <span class='ocrx_word' id='word_1_144' title='bbox 141 1999 273 2041; x_wconf 91' lang='lat' dir='ltr'>Poena</span> <span class='ocrx_word' id='word_1_145' title='bbox 287 2031 297 2051; x_wconf 93' lang='lat'>,</span> <span class='ocrx_word' id='word_1_146' title='bbox 327 1998 457 2050; x_wconf 83' lang='lat' dir='ltr'>dixit,</span> <span class='ocrx_word' id='word_1_147' title='bbox 485 2014 559 2041; x_wconf 81' lang='lat' dir='ltr'>vos</span> <span class='ocrx_word' id='word_1_148' title='bbox 584 1998 751 2040; x_wconf 87' lang='lat' dir='ltr'>minore</span> <span class='ocrx_word' id='word_1_149' title='bbox 771 1998 898 2056; x_wconf 86' lang='lat' dir='ltr'>plecti</span> <span class='ocrx_word' id='word_1_150' title='bbox 922 2014 1040 2057; x_wconf 87' lang='lat' dir='ltr'>posse</span> <span class='ocrx_word' id='word_1_151' title='bbox 1061 1998 1246 2041; x_wconf 85' lang='lat' dir='ltr'>dicerem</span> <span class='ocrx_word' id='word_1_152' title='bbox 1266 2033 1275 2049; x_wconf 90' lang='lat'>,</span> 
     </span>
     <span class='ocr_line' id='line_1_24' title="bbox 98 2074 1246 2133; baseline 0.002 -17"><span class='ocrx_word' id='word_1_153' title='bbox 98 2075 190 2117; x_wconf 90' lang='lat' dir='ltr'>Nisi</span> <span class='ocrx_word' id='word_1_154' title='bbox 217 2084 394 2117; x_wconf 90' lang='lat' dir='ltr'>cunctos</span> <span class='ocrx_word' id='word_1_155' title='bbox 421 2075 697 2125; x_wconf 89' lang='lat' dir='ltr'>criminosos,</span> <span class='ocrx_word' id='word_1_156' title='bbox 724 2074 799 2133; x_wconf 93' lang='lat' dir='ltr'>qui</span> <span class='ocrx_word' id='word_1_157' title='bbox 821 2074 1041 2117; x_wconf 89' lang='lat' dir='ltr'>vobiscum</span> <span class='ocrx_word' id='word_1_158' title='bbox 1065 2077 1246 2118; x_wconf 86' lang='lat' dir='ltr'>carceris</span> 
     </span>
     <span class='ocr_line' id='line_1_25' title="bbox 98 2150 1176 2208; baseline 0.001 -15"><span class='ocrx_word' id='word_1_159' title='bbox 98 2151 235 2193; x_wconf 88' lang='lat' dir='ltr'>Antro</span> <span class='ocrx_word' id='word_1_160' title='bbox 259 2150 392 2193; x_wconf 88' lang='lat' dir='ltr'>clausi</span> <span class='ocrx_word' id='word_1_161' title='bbox 416 2150 687 2202; x_wconf 85' lang='lat' dir='ltr'>tenebantur,</span> <span class='ocrx_word' id='word_1_162' title='bbox 712 2150 909 2208; x_wconf 79' lang='lat' dir='ltr'>effugisse</span> <span class='ocrx_word' id='word_1_163' title='bbox 932 2168 1149 2194; x_wconf 88' lang='lat' dir='ltr'>cernerem</span> <span class='ocrx_word' id='word_1_164' title='bbox 1166 2186 1176 2204; x_wconf 94' lang='lat'>,</span> 
     </span>
     <span class='ocr_line' id='line_1_26' title="bbox 97 2227 1299 2288; baseline 0.002 -18"><span class='ocrx_word' id='word_1_165' title='bbox 97 2228 148 2270; x_wconf 89' lang='lat' dir='ltr'>Et</span> <span class='ocrx_word' id='word_1_166' title='bbox 171 2228 253 2270; x_wconf 90' lang='lat' dir='ltr'>hoc</span> <span class='ocrx_word' id='word_1_167' title='bbox 275 2227 436 2271; x_wconf 80' lang='lat' dir='ltr'>factum</span> <span class='ocrx_word' id='word_1_168' title='bbox 462 2237 601 2271; x_wconf 80' lang='lat' dir='ltr'>vestro</span> <span class='ocrx_word' id='word_1_169' title='bbox 623 2244 789 2270; x_wconf 90' lang='lat' dir='ltr'>nossem</span> <span class='ocrx_word' id='word_1_170' title='bbox 811 2228 1055 2272; x_wconf 90' lang='lat' dir='ltr'>Christiano</span> <span class='ocrx_word' id='word_1_171' title='bbox 1074 2229 1273 2288; x_wconf 77' lang='lat' dir='ltr'>dogmate</span> <span class='ocrx_word' id='word_1_172' title='bbox 1290 2264 1299 2282; x_wconf 75' lang='lat'>,</span> 
     </span>
     <span class='ocr_line' id='line_1_27' title="bbox 95 2304 1170 2364; baseline 0.001 -17"><span class='ocrx_word' id='word_1_173' title='bbox 95 2306 177 2348; x_wconf 92' lang='lat' dir='ltr'>Per</span> <span class='ocrx_word' id='word_1_174' title='bbox 197 2304 315 2364; x_wconf 92' lang='lat' dir='ltr'>quod</span> <span class='ocrx_word' id='word_1_175' title='bbox 342 2305 451 2348; x_wconf 88' lang='lat' dir='ltr'>male</span> <span class='ocrx_word' id='word_1_176' title='bbox 477 2306 730 2347; x_wconf 90' lang='lat' dir='ltr'>miserorum</span> <span class='ocrx_word' id='word_1_177' title='bbox 756 2305 970 2348; x_wconf 87' lang='lat' dir='ltr'>mentibus</span> <span class='ocrx_word' id='word_1_178' title='bbox 991 2306 1170 2349; x_wconf 88' lang='lat' dir='ltr'>illuditis</span> 
     </span>
     <span class='ocr_line' id='line_1_28' title="bbox 95 2381 1135 2440; baseline -0.001 -16"><span class='ocrx_word' id='word_1_179' title='bbox 95 2383 372 2424; x_wconf 87' lang='lat' dir='ltr'>Fascinantes</span> <span class='ocrx_word' id='word_1_180' title='bbox 398 2398 446 2425; x_wconf 89' lang='lat' dir='ltr'>ac</span> <span class='ocrx_word' id='word_1_181' title='bbox 467 2381 663 2425; x_wconf 76' lang='lat' dir='ltr'>fallentes</span> <span class='ocrx_word' id='word_1_182' title='bbox 689 2383 866 2440; x_wconf 77' lang='lat' dir='ltr'>magicis</span> <span class='ocrx_word' id='word_1_183' title='bbox 889 2383 1096 2424; x_wconf 82' lang='lat' dir='ltr'>versutiis.</span> <span class='ocrx_word' id='word_1_184' title='bbox 1119 2402 1135 2422; x_wconf 86' lang='lat'>»</span> 
     </span>
     <span class='ocr_line' id='line_1_29' title="bbox 94 2458 1369 2518; baseline 0.002 -18"><span class='ocrx_word' id='word_1_185' title='bbox 94 2458 246 2501; x_wconf 91' lang='lat' dir='ltr'>—Cui</span> <span class='ocrx_word' id='word_1_186' title='bbox 268 2473 450 2516; x_wconf 76' lang='lat' dir='ltr'>magnus</span> <span class='ocrx_word' id='word_1_187' title='bbox 473 2459 633 2501; x_wconf 88' lang='lat' dir='ltr'>Christi</span> <span class='ocrx_word' id='word_1_188' title='bbox 655 2468 815 2516; x_wconf 74' lang='lat' dir='ltr'>martyr</span> <span class='ocrx_word' id='word_1_189' title='bbox 836 2458 1113 2501; x_wconf 89' lang='lat' dir='ltr'>Marcellinus</span> <span class='ocrx_word' id='word_1_190' title='bbox 1136 2459 1369 2518; x_wconf 71' lang='lat' dir='ltr'>presbyter,</span> 
     </span>
    </p>
   </div>
   <div class='ocr_carea' id='block_1_3' title="bbox 94 2604 1508 2839">
    <p class='ocr_par' dir='ltr' id='par_1_4' title="bbox 94 2604 1508 2715">
     <span class='ocr_line' id='line_1_30' title="bbox 142 2604 1508 2652; baseline 0.001 -13"><span class='ocrx_word' id='word_1_191' title='bbox 142 2606 193 2651; x_wconf 86' lang='lat'>(1)</span> <span class='ocrx_word' id='word_1_192' title='bbox 218 2605 276 2640; x_wconf 90' lang='lat' dir='ltr'>Sic</span> <span class='ocrx_word' id='word_1_193' title='bbox 295 2604 377 2639; x_wconf 87' lang='lat' dir='ltr'>cod.</span> <span class='ocrx_word' id='word_1_194' title='bbox 396 2605 513 2651; x_wconf 84' lang='lat' dir='ltr'>prima</span> <span class='ocrx_word' id='word_1_195' title='bbox 531 2617 659 2645; x_wconf 83' lang='lat' dir='ltr'>manu;</span> <span class='ocrx_word' id='word_1_196' title='bbox 680 2604 742 2639; x_wconf 88' lang='lat' dir='ltr'>sed</span> <span class='ocrx_word' id='word_1_197' title='bbox 759 2605 951 2652; x_wconf 80' lang='lat' dir='ltr'>posterior,</span> <span class='ocrx_word' id='word_1_198' title='bbox 982 2604 1112 2639; x_wconf 86' lang='lat' dir='ltr'>litteris</span> <span class='ocrx_word' id='word_1_199' title='bbox 1128 2618 1147 2638; x_wconf 75' lang='lat' dir='ltr'>r</span> <span class='ocrx_word' id='word_1_200' title='bbox 1164 2618 1182 2639; x_wconf 82' lang='lat' dir='ltr'>c</span> <span class='ocrx_word' id='word_1_201' title='bbox 1199 2619 1218 2638; x_wconf 74' lang='grc' dir='ltr'>ι’</span> <span class='ocrx_word' id='word_1_202' title='bbox 1236 2606 1445 2652; x_wconf 77' lang='lat' dir='ltr'>expunctis,</span> <span class='ocrx_word' id='word_1_203' title='bbox 1473 2614 1508 2641; x_wconf 73' lang='lat' dir='ltr'>ot</span> 
     </span>
     <span class='ocr_line' id='line_1_31' title="bbox 94 2667 1028 2715; baseline -0.003 -12"><span class='ocrx_word' id='word_1_204' title='bbox 94 2668 227 2703; x_wconf 82' lang='lat' dir='ltr'>litteris</span> <span class='ocrx_word' id='word_1_205' title='bbox 247 2675 259 2702; x_wconf 82' lang='lat' dir='ltr'>t</span> <span class='ocrx_word' id='word_1_206' title='bbox 277 2683 300 2703; x_wconf 89' lang='lat' dir='ltr'>n</span> <span class='ocrx_word' id='word_1_207' title='bbox 320 2669 563 2715; x_wconf 84' lang='lat' dir='ltr'>interpositis,</span> <span class='ocrx_word' id='word_1_208' title='bbox 585 2680 707 2703; x_wconf 85' lang='lat' dir='ltr'>vocem</span> <span class='ocrx_word' id='word_1_209' title='bbox 727 2672 866 2704; x_wconf 74' lang='lat' dir='ltr'>catenis</span> <span class='ocrx_word' id='word_1_210' title='bbox 879 2667 1028 2703; x_wconf 81' lang='lat' dir='ltr'>effinxit.</span> 
     </span>
    </p>

    <p class='ocr_par' dir='ltr' id='par_1_5' title="bbox 140 2731 462 2777">
     <span class='ocr_line' id='line_1_32' title="bbox 140 2731 462 2777; baseline 0 -11"><span class='ocrx_word' id='word_1_211' title='bbox 140 2733 191 2777; x_wconf 80' lang='lat'>(2)</span> <span class='ocrx_word' id='word_1_212' title='bbox 217 2731 309 2767; x_wconf 89' lang='lat' dir='ltr'>Cod.</span> <span class='ocrx_word' id='word_1_213' title='bbox 330 2739 462 2767; x_wconf 79' lang='lat' dir='ltr'>artam.</span> 
     </span>
    </p>

    <p class='ocr_par' dir='ltr' id='par_1_6' title="bbox 141 2794 523 2839">
     <span class='ocr_line' id='line_1_33' title="bbox 141 2794 523 2839; baseline -0.003 -9"><span class='ocrx_word' id='word_1_214' title='bbox 141 2794 193 2839; x_wconf 76' lang='lat'>(3)</span> <span class='ocrx_word' id='word_1_215' title='bbox 220 2795 311 2832; x_wconf 89' lang='lat' dir='ltr'>Cod.</span> <span class='ocrx_word' id='word_1_216' title='bbox 333 2795 523 2830; x_wconf 76' lang='lat' dir='ltr'>adsistere.</span> 
     </span>
    </p>
   </div>
  </div>
 </body>
</html>
