2105 3348
621 271 702 309 336
918 265 1162 304 HISTORIA
1190 263 1613 311 TRANSLATIONIS,
1644 277 1725 303 mc.

619 360 735 407 dum
755 358 973 404 divinum
999 353 1265 403 celebratur
1291 354 1498 402 officium
1514 389 1527 411 ,
1561 372 1647 418 per
1672 355 1839 401 merita
1865 355 2023 403 beato-

622 454 731 483 rum
755 436 1023 499 Martyrum
1048 431 1343 478 illuminatus
1367 440 1453 479 est.

686 749 769 796 71.
807 747 861 792 In
882 744 1040 809 vigilia
1060 760 1175 791 vero
1202 740 1454 790 beatorum
1477 741 1804 806 apostolorum
1828 743 1954 789 Petri
1984 753 2030 790 et

622 824 786 882 Pauli,
820 822 868 869 id
901 832 998 880 est,
1025 831 1196 886 quarto
1222 819 1441 867 kalendas
1468 819 1602 884 julii,
1637 820 1789 883 puella
1815 819 2030 884 quaedam

623 919 792 966 parva,
825 899 1022 947 nomine
1045 896 1340 945 Theotbalda
1357 933 1372 956 ,
1403 895 1578 943 habens
1602 897 1752 943 aetatis
1775 913 1952 954 ann05,
1978 907 2032 943 ut

621 977 900 1043 putabatur,
937 992 1140 1032 novem,
1170 991 1280 1039 quae
1314 973 1465 1020 tribus
1502 974 1639 1020 annis
1669 972 1791 1020 nihil
1821 973 2029 1031 viderat,

626 1065 842 1118 tempore
865 1051 1080 1098 salutaris
1108 1050 1249 1098 officii
1285 1051 1334 1096 in
1359 1048 1510 1097 media
1537 1049 1702 1113 populi
1730 1048 2035 1097 multitudine

622 1130 915 1185 constituta,
950 1128 1221 1192 Martyrum
1244 1124 1607 1189 suffragantibus
1635 1125 1840 1182 meritis,
1875 1127 2034 1172 lumen

625 1207 850 1253 amissum
889 1223 945 1252 ex
978 1204 1137 1251 divina
1174 1203 1476 1249 miseratione
1511 1202 1706 1265 recepit.
1748 1202 1921 1249 Eadem
1960 1203 2036 1250 die

626 1282 819 1350 quidam
844 1281 1020 1339 homo,
1043 1278 1243 1329 nomine
1266 1279 1398 1327 Dado
1411 1315 1426 1338 ‚
1461 1279 1519 1327 de
1548 1280 1658 1327 villa
1680 1280 1918 1327 Ponticuli
1949 1298 2037 1328 vo-

624 1372 749 1423 cata,
775 1360 857 1427 qui
882 1377 1032 1407 annos
1060 1377 1138 1407 sex
1161 1375 1335 1405 curvus
1358 1367 1483 1413 erat,
1512 1367 1559 1404 et
1580 1357 1638 1403 ad
1666 1357 1844 1405 coelum
1867 1375 1914 1404 se
1939 1359 2037 1405 eri-

626 1457 734 1505 gere
755 1456 857 1487 non
875 1447 1087 1502 poterat,
1114 1436 1314 1500 ideoque
1332 1432 1558 1482 brevibus
1580 1435 1824 1493 anticulis,
1850 1445 2037 1483 susten-

626 1514 758 1564 tandi
788 1532 835 1561 se
857 1513 1006 1578 gratia
1029 1512 1117 1559 sub
1142 1511 1293 1558 axillis
1319 1512 1509 1576 positis,
1536 1528 1737 1558 cernuus
1764 1510 2034 1569 incedebat,

629 1594 668 1640 is
693 1591 853 1640 eadem
879 1591 1020 1648 hora,
1046 1589 1304 1654 eodemque
1329 1589 1379 1635 in
1403 1589 1535 1646 loco,
1560 1606 1645 1652 per
1667 1587 2039 1636 misericordiam

628 1669 713 1717 Dei
728 1678 774 1716 et
791 1685 876 1732 per
888 1668 1057 1715 merita
1071 1665 1322 1714 beatorum
1333 1666 1598 1730 Martyrum
1609 1701 1623 1724 ‚
1640 1675 1822 1713 erectus
1837 1683 1889 1713 ac
1902 1684 2038 1713 sanus

629 1747 821 1796 effectus
843 1755 930 1794 est.

697 2054 778 2100 72.
816 2051 902 2099 Die
925 2060 1099 2116 quarto
1122 2067 1362 2097 nonarum
1383 2050 1638 2115 juliarum,
1667 2051 1884 2117 quaedam
1905 2051 2041 2098 vidua

633 2127 830 2175 nomine
862 2126 1121 2183 Adalrada,
1151 2143 1262 2192 quae
1290 2127 1426 2173 annis
1456 2138 1660 2192 quatuor
1691 2128 1944 2174 oculorum
1972 2127 2044 2173 lu-

637 2209 766 2256 mine
805 2208 984 2272 privata
1020 2207 1141 2254 nihil
1178 2206 1393 2265 videbat,
1431 2207 1587 2254 audita
1623 2208 1855 2254 virtutum
1891 2208 2041 2265 fama,

637 2302 769 2349 spem
786 2285 911 2330 visus
929 2283 1187 2347 recipiendi
1208 2300 1308 2331 non
1323 2301 1439 2330 vana
1458 2283 1549 2331 fide
1568 2283 1786 2348 concepit
1798 2303 1811 2341 ;
1835 2295 2045 2348 arrepto-

638 2378 731 2426 que
752 2359 923 2406 baculo
936 2394 949 2417 ,
974 2359 1070 2406 sola
1095 2360 1195 2406 sine
1217 2360 1415 2408 ductore
1437 2360 1494 2406 ad
1512 2359 1810 2408 Valentianas
1834 2361 1901 2408 ire
1924 2379 2046 2408 con-

641 2437 810 2485 tendit.
841 2437 1055 2500 Cumque
1079 2438 1185 2483 vico
1212 2437 1594 2502 appropinquare
1619 2437 1868 2502 coepisset,
1892 2438 2046 2484 visum

641 2528 712 2564 est
750 2515 790 2563 ei
828 2513 958 2579 quod
990 2513 1120 2561 velut
1151 2530 1301 2561 unum
1338 2514 1448 2562 solis
1483 2514 1668 2561 radium
1703 2513 1845 2563 oculo
1877 2514 2045 2562 dextro

642 2593 937 2656 conspiceret
958 2609 972 2648 ;
1015 2609 1068 2637 ac
1105 2591 1306 2655 proinde
1341 2591 1548 2638 divinam
1590 2592 1887 2640 clementiam
1924 2609 2045 2657 puro

644 2669 788 2717 corde
822 2668 1066 2732 deprecata
1103 2678 1171 2715 est
1205 2678 1259 2715 ut
1295 2685 1379 2733 per
1420 2669 1804 2717 intercessionem
1844 2670 2046 2716 Sancto-

643 2765 749 2795 rum
790 2763 984 2793 suorum
1022 2746 1263 2794 ecclesiam
1296 2747 1344 2794 S.
1382 2746 1522 2794 Salvii
1563 2764 1610 2795 se
1649 2746 1807 2795 videre
1844 2745 2046 2812 permit-
