2105 3348
540 247 586 282 12
957 244 1211 281 EINHARDI
1245 243 1517 282 EPISTOLAE.

536 324 635 371 fieri
672 324 841 370 debeat
870 325 918 368 in
946 323 1180 369 futurum.
1213 323 1339 387 Opto
1370 334 1423 369 ut
1446 339 1628 387 semper
1650 324 1770 371 bene
1793 324 1949 371 valea-

536 402 594 447 tis
615 405 682 459 (ι)
708 404 754 448 in
779 401 1004 449 Domino.

848 701 941 741 VII.
977 703 1042 740 AD
1075 703 1347 742 POPPONEM
1378 705 1634 743 COMITEM.

602 808 857 872 Magnifico
879 821 926 857 et
949 809 1218 858 honorabili
1238 823 1381 876 atque
1405 813 1577 859 illustri
1602 814 1672 876 (2)
1700 813 1805 859 viro
1826 814 1953 877 Pop-

536 887 679 949 poni,
704 888 912 951 gratioso
930 889 1004 952 (ὅ)
1028 890 1218 946 comiti,
1241 890 1506 937 Einhardus
1533 892 1581 938 in
1605 891 1814 940 Domino
1833 891 1952 937 salu-

535 973 649 1010 tem.
668 966 854 1014 -Duo
872 983 1100 1031 pauperes
1120 967 1194 1031 (4)
1218 967 1432 1014 homines
1459 968 1782 1033 confugerunt
1809 968 1865 1015 ad
1895 969 1954 1014 li-

536 1043 664 1089 mina
687 1042 939 1091 beatorum
959 1045 1134 1091 Christi
1158 1056 1432 1111 martyrum
1452 1047 1716 1093 Marcellini
1737 1058 1782 1093 et
1805 1047 1954 1104 Petri,

535 1119 737 1168 fatentes
773 1140 820 1169 se
856 1122 1112 1187 culpabiles
1148 1141 1274 1180 esse,
1311 1124 1392 1188 qui
1434 1124 1480 1170 in
1518 1124 1771 1188 praesentia
1804 1134 1955 1170 vestra

538 1200 745 1247 convicti
774 1201 972 1248 fuerunt
1002 1201 1059 1249 de
1089 1202 1296 1266 quodam
1328 1202 1460 1249 furto
1489 1203 1560 1266 (5)
1591 1203 1721 1267 quod
1749 1202 1955 1248 commi-

537 1289 704 1324 serunt
721 1278 925 1326 furando
945 1279 1175 1326 feramina
1200 1280 1248 1325 in
1265 1279 1502 1326 dominica
1518 1279 1690 1326 foresta
1707 1281 1777 1344 (6)
1797 1300 1806 1325 ε
1826 1281 1897 1343 cuj
1905 1297 1956 1325 us

535 1364 719 1418 partem
752 1357 1113 1419 compositionis
1141 1359 1239 1421 jam
1281 1357 1554 1415 solverunt,
1593 1368 1639 1403 et
1676 1356 1828 1403 adhuc
1862 1357 1955 1403 sol-

537 1450 646 1479 vere
681 1432 910 1481 deberent
947 1435 1021 1499 (7)
1043 1471 1055 1491 ‚
1101 1435 1206 1492 sed,
1254 1446 1308 1481 ut
1351 1445 1596 1491 asserunt,
1642 1452 1742 1481 non
1780 1434 1956 1481 habent

536 1512 663 1558 unde
681 1513 863 1559 solvere
886 1524 1084 1577 propter
1104 1524 1433 1579 paupertatem
1455 1532 1604 1560 suam.
1627 1513 1836 1561 Proinde
1854 1530 1957 1577 pre-

538 1606 700 1635 camur
723 1588 1068 1655 benignitatem
1091 1603 1295 1639 vestram
1321 1603 1376 1638 ut
1401 1593 1489 1649 eis,
1519 1603 1719 1657 propter
1744 1609 1955 1638 amorem

536 1666 711 1714 Christi
739 1679 1011 1735 martyrum
1036 1670 1093 1717 ad
1116 1688 1236 1737 quos
1263 1671 1613 1737 confugerunt,
1645 1672 1694 1717 in
1720 1681 1955 1736 quantum

536 1746 758 1810 possibile
784 1759 877 1805 est,
912 1767 1104 1813 parcere
1128 1750 1421 1814 dignemini,
1451 1767 1511 1796 ne
1540 1750 1729 1813 penitus
1759 1759 1956 1813 pereant

536 1842 621 1888 per
650 1825 916 1890 hujusmodi
943 1827 1156 1891 culpam,
1183 1827 1262 1875 sed
1290 1827 1448 1891 potius
1480 1827 1688 1873 sentiant
1712 1826 1799 1871 sibi
1833 1825 1955 1889 apud

536 1918 620 1948 vos
652 1902 887 1966 profuisse
926 1904 1056 1968 quod
1091 1904 1149 1950 ad
1185 1914 1461 1952 sanctorum
1494 1913 1764 1967 martyrum
1801 1901 1955 1967 sepul—

536 1980 648 2027 chra
684 1982 1024 2047 confugerunt.
1069 1984 1195 2047 Opto
1230 1993 1282 2029 ut
1313 1999 1499 2046 semper
1535 1981 1656 2029 bene
1686 1980 1875 2027 valeatis
1907 1981 1953 2026 in

536 2059 764 2106 Domino.

584 2236 634 2281 (ι)
660 2235 750 2270 Cod.
768 2237 858 2271 hene
877 2238 1023 2272 valetis.

582 2304 632 2349 (2)
659 2303 753 2338 Cod.
773 2305 932 2339 inlustri.

580 2370 631 2418 (5)
656 2372 839 2407 Chesnius
852 2381 888 2408 et
908 2373 969 2407 alii
987 2373 1076 2408 edit.
1097 2373 1235 2408 habent
1255 2373 1414 2419 glorioso
1437 2386 1466 2406 c.
1492 2372 1554 2407 sed
1574 2372 1612 2406 in
1633 2370 1759 2405 codice
1781 2369 1955 2404 distincte

533 2430 670 2477 legitur
689 2438 787 2478 grat.
804 2433 1031 2479 superposita
1052 2431 1334 2467 abbreviationis
1350 2438 1446 2466 nota.
1465 2432 1518 2466 Dc
1537 2432 1606 2465 hoc
1619 2430 1728 2465 titulo
1742 2459 1750 2472 ‚
1766 2429 1848 2464 vide
1859 2429 1952 2464 Car-

533 2492 756 2537 penterium.
769 2492 958 2539 Supplem.
979 2492 1023 2527 ad
1035 2492 1165 2539 cangii
1179 2491 1406 2539 glossarium,
1424 2491 1540 2526 vocib.
1561 2493 1749 2537 gratiosus
1763 2496 1799 2524 et
1813 2491 1951 2536 gratia.

580 2559 632 2604 (4)
657 2558 720 2593 Hae
738 2558 817 2593 duae
829 2571 933 2595 voces
951 2571 970 2593 a
989 2560 1153 2606 pristinis
1171 2559 1375 2594 editoribus
1390 2558 1528 2593 omissae
1546 2557 1709 2592 suerunt.

580 2625 632 2672 (5)
657 2626 887 2674 Cod.f1crlu.

582 2694 632 2741 (6)
657 2696 923 2743 Cod.soraste.

582 2764 632 2810 (7)
658 2764 748 2799 Cod.
767 2766 978 2801 (lebberenl.
1003 2767 1083 2801 llaec
1100 2779 1164 2801 vox
1183 2768 1219 2801 in
1235 2766 1343 2801 editis
1357 2765 1586 2801 desideratur
