2105 3348
595 308 671 343 ⁴292
898 300 1137 338 HISTORIA
1169 294 1586 346 'l'RAN:>1,A'1‘lONIS‚
1619 316 1697 339 E'rc.

594 400 728 428 mane
750 381 874 426 facto
898 380 953 424 de
977 395 1146 424 somno
1167 377 1389 442 evigilans
1417 378 1461 423 in
1490 378 1612 424 lecto
1636 396 1721 425 suo
1747 380 1992 435 resideret,

593 462 784 522 ntjuxta
804 455 1194 502 consuetudinem
1216 455 1666 518 expergiscentium,
1690 457 1998 519 protensione

591 534 896 581 brachiorum
928 544 973 579 et
1005 532 1180 579 assidua
1221 533 1527 588 oscitatione,
1568 534 1623 579 ad
1650 533 2000 580 discutiendum

590 629 877 668 marcorem,
908 628 954 657 se
985 609 1258 657 extenderet
1277 646 1289 668 ‚
1319 627 1369 656 os
1397 610 1537 673 paulo
1568 609 1830 666 diductius,
1857 627 2000 674 quam

589 688 815 744 debebat,
851 687 1066 750 aperuit,
1101 685 1439 751 disjunctisque
1465 689 1598 749 Juxta
1623 704 1756 733 aures
1786 686 2001 732 maxilla-

590 785 696 812 rum
717 765 1028 830 coagmentis,
1057 763 1190 810 hians
1211 765 1355 810 rictus
1374 765 1590 811 constitit
1611 763 1890 821 immobilis3
1913 782 2000 811 nec

582 847 679 907 jam
697 861 748 890 os
769 843 982 889 claudere
1001 842 1175 899 valens,
1198 859 1413 905 personae
1431 860 1572 905 quam
1596 841 1778 889 homini
1800 841 2001 888 similior

586 920 771 976 effecta,
808 919 1098 983 gravissimas
1134 919 1335 964 incautae
1367 918 1660 964 oscitationis
1696 935 1860 981 poenas
1893 917 1998 963 lue-

584 996 683 1043 bat.
709 999 809 1044 IIoc
835 995 913 1043 ubi
934 995 1225 1043 mulierculis
1247 995 1293 1040 in
1319 995 1482 1042 eodem
1503 994 1654 1042 fundo
1676 993 1998 1041 habitantibus

585 1075 825 1131 innotuit,
854 1083 1140 1129 accurrunt,
1171 1071 1422 1136 herbisque
1443 1082 1489 1118 et
1514 1072 1695 1118 frivolis
1722 1072 2001 1118 incantatio-

584 1151 725 1198 nibus
762 1152 882 1198 male
915 1149 1104 1197 habenti
1139 1167 1413 1196 succurrere
1444 1151 1728 1196 moliuntur.
1771 1150 1859 1196 Sed
1900 1166 2000 1196 non

585 1228 752 1275 habuit
786 1228 1009 1275 effectum
1046 1245 1161 1272 vana
1203 1245 1254 1272 ac
1296 1228 1616 1290 superstitiosa
1655 1227 1996 1291 praesumptio;

583 1303 874 1369 vexabatque
911 1304 1071 1367 potius
1106 1302 1405 1349 laborantem
1445 1313 1585 1368 atque
1616 1303 1818 1350 laedebat
1855 1303 2000 1367 quid-

583 1381 698 1446 quid
726 1382 958 1445 imperitae
992 1398 1187 1436 manus,
1219 1379 1347 1425 velut
1378 1379 1534 1428 studio
1566 1379 1812 1435 medendi,
1847 1380 2000 1427 eidem

582 1457 921 1505 adhibuerunt.
961 1459 1145 1503 Interea
1178 1457 1326 1502 frater
1361 1457 1515 1502 mariti
1551 1455 1756 1518 ejusdem
1791 1456 2000 1503 mulieris

583 1536 882 1600 supervenit,
913 1533 1185 1599 salubrique
1213 1534 1414 1580 consilio
1447 1534 1633 1598 rogavit
1670 1544 1724 1579 ut
1750 1534 1807 1579 ad
1833 1533 2000 1579 basili-

585 1632 688 1661 cam
699 1615 968 1678 Martyrum
989 1614 1090 1658 sine
1112 1630 1245 1658 mora
1263 1612 1542 1668 duceretur3
1564 1610 1629 1657 ibi
1649 1612 1885 1658 affirmans
1907 1629 2002 1658 esse

584 1691 863 1747 sanandam,
893 1691 930 1735 si
956 1707 1166 1754 unquam
1192 1689 1318 1736 foret
1337 1700 1583 1753 receptura
1608 1691 1875 1736 sanitatem.
1898 1690 2003 1736 Sta-

587 1770 770 1833 timque
791 1770 1013 1832 jumento
1041 1767 1307 1830 impositam
1331 1767 1504 1813 ducere
1529 1766 1766 1830 incipiunt
1787 1785 1798 1821 ;
1823 1784 2003 1831 appro-

585 1848 871 1911 pinquantes
912 1856 1069 1892 autem
1110 1845 1316 1892 basilicae
1333 1882 1344 1901 ,
1391 1845 1447 1891 de
1476 1847 1700 1908 jumento
1741 1845 2004 1909 depositam

587 1924 785 1990 pedibus
827 1924 1044 1971 incedere
1075 1924 1273 1969 faciunt.
1321 1924 1538 1987 Cumque
1576 1939 1631 1969 eo
1673 1922 1763 1970 loci
1807 1933 2004 1969 ventum

587 2013 705 2049 esset
742 2012 796 2048 ut
816 2004 915 2065 jam
945 2000 1200 2055 turricula,
1235 2018 1342 2064 quae
1377 2000 1505 2063 signa
1542 1998 1749 2046 basilicae
1780 1999 2006 2046 contine-

585 2078 691 2134 bat,
715 2078 773 2125 ab
798 2079 861 2125 eis
887 2078 1096 2141 conspici
1123 2078 1354 2141 potuisset
1373 2113 1385 2133 ,
1410 2077 1547 2141 eique
1568 2087 1621 2122 ut
1640 2076 1696 2122 ad
1716 2094 1818 2123 eam
1837 2076 2003 2123 viden—

585 2157 693 2202 dam
713 2155 875 2202 oculos
897 2155 1095 2211 levaret,
1124 2154 1170 2200 hi
1196 2155 1277 2219 qui
1303 2171 1403 2200 eam
1424 2151 1661 2200 ducebant
1685 2153 2001 2216 imperarent,

587 2233 791 2296 aspexit,
815 2231 933 2277 vidit
948 2267 960 2287 ,
987 2249 1038 2276 ac
1064 2231 1164 2277 sine
1183 2231 1278 2276 ulla
1302 2230 1582 2293 interposita
1603 2246 1735 2276 mora
1755 2229 2004 2276 sanitatem

586 2310 780 2373 recepit.
810 2308 877 2354 lbi
909 2325 1074 2354 omnes
1101 2308 1280 2370 pariter
1310 2308 1356 2352 in
1386 2318 1560 2352 terram
1586 2318 1848 2365 corruunt,
1877 2306 2005 2352 divi-

586 2404 695 2432 nam
717 2384 1088 2432 misericordiam
1115 2383 1289 2448 quibus
1311 2383 1468 2430 valent
1498 2383 1712 2429 laudibus
1733 2383 1998 2439 extollunt,

586 2474 924 2527 surgentesque
955 2461 1011 2507 ad
1045 2461 1283 2507 basilicam
1322 2472 1637 2526 properanter
1665 2471 1894 2526 pergunt;
1935 2472 1997 2519 et,

585 2539 789 2588 adoratis
825 2538 1127 2584 sanctissimis
1159 2538 1480 2603 Martyribns,
1517 2556 1567 2584 ac
1594 2539 1718 2584 votis
1744 2556 1832 2602 pro
1858 2537 2001 2585 modo

584 2616 863 2663 facultatum
891 2615 1175 2679 persolutis,
1200 2614 1257 2660 ad
1283 2616 1476 2679 propria
1507 2632 1616 2660 cum
1642 2614 1789 2660 multa
1818 2613 2002 2660 exulta-

585 2696 716 2741 tione
737 2703 1061 2740 revertuntur.
1083 2691 1299 2739 Vidimus
1320 2709 1407 2739 nos
1429 2692 1637 2739 eamdem
1666 2691 1892 2738 feminam
1907 2727 1920 2749 ,
1954 2699 2001 2737 et
