2105 3348
600 255 679 291 320
900 248 1139 286 iilb'l‘OPAA
1173 246 1596 292 'sl’anSLATiONIQ
1630 262 1708 286 [Tc.

598 334 656 378 sis
682 329 867 395 palatii,
897 328 1028 392 quod
1053 328 1101 372 in
1130 336 1322 381 monte,
1349 327 1432 390 qui
1458 326 1607 372 eidem
1639 328 1741 374 vico
1771 327 1828 372 ab
1851 331 2014 376 orien—

604 408 681 453 tali
705 414 835 469 parte
858 403 1101 459 imminet,
1125 402 1268 448 situm
1288 412 1382 457 est,
1409 401 1574 449 eodem
1595 403 1854 451 comitante
1875 415 2014 469 atque

600 485 819 537 ducente,
845 480 1083 544 pervenit,
1102 478 1186 535 ibi,
1205 479 1335 543 quasi
1357 478 1584 526 obviante
1607 478 1695 525 sibi
1721 480 1879 526 divina
1906 500 2015 543 gra-

601 562 685 616 lia,
705 560 786 606 diu
803 557 1118 605 desideratum
1137 557 1298 604 lumen
1319 558 1514 621 recepit.
1531 558 1657 602 Tum
1678 558 1854 604 mirans
1875 568 2014 623 atque

598 638 801 684 attonita
822 635 1066 694 constitit,
1087 652 1332 700 pueroque
1349 635 1542 681 ducenti
1562 644 1617 679 ut
1636 645 1911 699 sequeretur
1931 638 2016 682 im-

598 716 806 780 peravit:
837 715 1138 770 «Hactenus,
1169 714 1412 778 inquiens,
1435 730 1532 778 quo
1559 723 1611 758 tu
1636 712 1906 776 praecedens
1930 714 2014 759 du-

598 794 731 842 cebas
756 805 911 841 secuta
937 810 1058 850 sum,
1094 792 1238 839 modo
1268 803 1424 838 autem
1454 803 1536 837 tuo
1565 790 1711 837 ductu
1737 808 1834 837 non
1871 808 1982 855 egeo
1999 811 2011 847 ;

595 873 705 936 quia
728 874 850 917 viam
868 907 881 926 ‚
908 887 998 936 qua
1034 870 1102 916 ire
1129 868 1383 925 debemus,
1414 867 1579 924 videm
1621 878 1668 914 et
1701 867 1828 913 hune
1861 868 2012 914 vicum

598 950 646 995 in
672 966 769 1014 quo
794 965 937 994 saerae
964 947 1180 1012 reliquiae
1205 958 1317 993 sunt
1333 983 1344 1003 ‚
1372 946 1428 992 ad
1453 963 1568 1010 quas
1592 947 1754 992 venire
1780 946 2012 1010 disposui,

596 1026 806 1072 Domino
827 1025 1096 1088 adjuvante,
1117 1023 1377 1088 conspicio.
1400 1023 1475 1067 Tu
1492 1033 1569 1068 tan
1579 1032 1679 1068 tum
1693 1021 1798 1069 vide
1819 1033 1866 1068 et
1886 1040 2013 1076 eura,

595 1115 648 1149 ut
672 1121 747 1151 me
771 1114 898 1151 recta
922 1103 993 1147 via
1020 1101 1072 1148 ad
1103 1102 1369 1149 oratorium
1395 1101 1666 1165 Martyrum
1699 1104 1747 1145 in
1778 1101 1881 1164 ipso
1911 1101 2018 1146 vico

593 1181 844 1227 adducas.»
860 1181 942 1226 His
953 1179 1108 1237 dictis,
1123 1180 1178 1225 ad
1195 1179 1463 1226 oratorium
1474 1178 1702 1241 perrexit,
1717 1178 1887 1242 gratias
1901 1178 2013 1241 egit,

590 1258 801 1323 factique
832 1259 882 1303 in
915 1275 961 1304 se
986 1257 1203 1303 miraculi
1234 1255 1371 1303 nobis
1406 1255 1635 1301 indicium
1664 1255 1803 1311 fecit,
1829 1254 2015 1302 videns-

592 1353 685 1399 que
710 1345 757 1381 et
779 1335 985 1399 gaudens
1009 1334 1065 1380 ad
1090 1335 1283 1398 propria
1308 1333 1553 1381 remeavit.

653 1813 734 1858 66.
763 1811 1051 1858 Ascvilarem
1070 1821 1243 1857 vocant
1270 1810 1476 1857 fundum
1495 1810 1703 1874 regium,
1726 1808 1784 1855 ab
1803 1807 2011 1873 Aquensi

588 1889 764 1952 palatio
797 1899 1005 1954 quatuor
1041 1889 1286 1954 leugarum
1322 1889 1475 1955 spatio
1512 1888 1765 1935 distantem
1787 1923 1798 1943 ‚
1837 1887 1883 1932 in
1915 1902 2012 1950 quo

588 1968 781 2032 quidam
804 1967 952 2015 homo
982 1978 1082 2015 erat
1112 1968 1297 2015 diutina
1324 1967 1705 2032 praecordiorum
1735 1965 2011 2012 infirmitate

587 2043 808 2092 detentus
826 2055 971 2110 atque
984 2044 1205 2092 laborans
1217 2064 1229 2102 3
1242 2048 1438 2110 jamque
1455 2063 1478 2091 a
1496 2045 1590 2091 suis
1607 2061 1663 2091 eo
1680 2043 1825 2091 modo
1841 2042 2011 2105 despe—

586 2132 740 2183 ratus,
768 2133 821 2169 ut
846 2140 946 2170 non
973 2123 1111 2170 aliter
1134 2125 1220 2170 nisi
1251 2125 1462 2172 cauterio
1487 2124 1643 2170 curari
1669 2139 1804 2187 posse
1826 2121 2011 2167 videre-

589 2211 684 2246 tur.
719 2201 966 2261 Quaeritur
995 2202 1052 2248 ad
1083 2202 1172 2249 hoc
1201 2202 1438 2263 medicus,
1471 2213 1517 2249 et
1549 2202 1728 2249 ustioni
1760 2218 1860 2248 nou
1890 2218 2010 2264 pro-

586 2274 765 2324 futurae
793 2277 889 2325 dies
919 2279 1249 2325 constituitur.
1281 2281 1465 2326 Interea
1489 2278 1673 2325 cuidam
1698 2277 1920 2334 feminae,
1960 2276 2006 2321 iu

587 2351 755 2399 eodem
789 2352 942 2400 fundo
985 2353 1248 2410 habitanti,
1290 2357 1339 2401 in
1377 2355 1566 2402 somnio
1602 2354 1863 2402 revelatum
1907 2364 2005 2410 est,

586 2445 685 2475 non
710 2428 882 2487 debere
916 2430 1053 2477 illum
1085 2432 1141 2478 ad
1171 2449 1304 2478 suam
1329 2433 1626 2479 curationem
1654 2432 1883 2496 ejusmodi
1908 2449 2004 2477 me-

584 2506 738 2553 delam
757 2507 1032 2563 admittere,
1055 2528 1164 2575 quae
1189 2522 1235 2558 et
1267 2528 1355 2575 pro
1379 2512 1449 2557 sui
1476 2511 1690 2558 molestia
1713 2511 1788 2556 vix
1812 2509 2004 2558 tolerari

583 2594 764 2646 posset,
790 2595 837 2632 et
854 2586 963 2650 quia
988 2604 1274 2651 supervacua
1295 2599 1439 2645 esset,
1459 2588 1660 2634 salutem
1684 2587 1883 2652 patienti
1903 2604 2002 2634 nou

583 2662 789 2709 afferret.
828 2663 1068 2711 Caeterum
1101 2667 1137 2712 si
1172 2683 1311 2713 sanus
1347 2667 1449 2714 fieri
1484 2667 1655 2724 vellet,
1692 2667 1749 2713 ad
1784 2668 2001 2732 Aqueuse

580 2739 804 2801 palatium
832 2741 948 2798 iret,
988 2744 1254 2790 oratorium
1285 2756 1503 2792 nostrum
1534 2748 1826 2812 inquireret,
1856 2749 2000 2812 inque
