1979 3348
522 235 778 274 APPENDIX
811 235 1024 275 ALTERA.
1399 235 1470 274 161

65 331 171 359 onus
217 314 545 357 domesticarum
590 315 917 372 divinarumque
966 330 1107 356 rerum
1132 348 1142 365 ,
1196 313 1313 372 quod
1363 314 1477 357 illius

63 392 350 435 memorabilis
382 391 552 435 feminae
577 392 664 435 fida
697 392 872 435 societas
901 390 991 434 leve
1026 392 1208 445 fecerat,
1249 393 1396 435 vestris
1425 409 1476 436 ex

62 481 150 514 toto
170 472 417 530 impositum
441 487 488 513 ac
507 470 702 513 relictum
721 469 958 512 cervicibus
977 469 1122 512 obruit
1143 488 1151 512 :
1171 486 1318 513 revera
1334 469 1476 512 valida

63 558 242 607 utraque
261 564 343 601 res,
364 558 404 591 et
426 564 540 607 quae,
561 556 712 606 praeter
729 548 961 605 sapientem
976 580 986 597 ,
1009 548 1085 605 qui
1107 547 1283 591 adversa
1305 564 1478 607 quoque

62 625 229 668 modice
260 625 371 668 'serre
407 624 634 675 didicerit,
671 623 797 665 facile
826 623 1060 681 quemlibet
1096 641 1169 667 sua
1203 626 1315 669 mole
1348 629 1479 685 possit

60 702 318 760 opprimere.
347 701 409 742 Ac
433 701 572 759 primo
597 700 769 758 quidem
796 716 926 758 quam
949 703 1153 760 proposui
1178 705 1334 761 pariter
1355 721 1479 748 cona-

60 778 141 820 bor
155 794 240 820 non
260 778 504 820 subvertere
515 793 563 819 ac
579 777 747 836 penitus
760 776 1130 836 auferre,—quod
1143 794 1316 837 prorsus
1328 781 1480 839 impos-

60 855 181 898 sibile
220 855 419 915 perfectis
454 855 582 897 etiam
618 854 886 907 oratoribus,
923 856 956 897 si
987 866 1152 907 essent,
1184 856 1310 899 video
1343 858 1478 901 multo

61 935 197 991 magis
221 931 481 976 mihi—sed
503 942 695 984 tenuare,
714 931 1059 991 imbecillemque
1087 934 1280 992 inspectu
1304 935 1481 977 rationis

60 1011 242 1054 efficere.
267 1011 391 1053 Certe
416 1010 518 1052 hinc
541 1010 801 1061 movemini,
827 1020 939 1052 certe
960 1010 1063 1053 hinc
1089 1011 1331 1065 afficimini,
1360 1013 1481 1071 quod

60 1104 136 1131 vos
161 1104 276 1130 cassa
304 1098 400 1131 vota
422 1087 624 1130 frustrata
647 1088 755 1139 sint,
782 1103 829 1129 ac
857 1103 948 1147 spes
975 1089 1018 1130 in
1038 1089 1325 1146 Martyribus,
1345 1091 1478 1133 immo

60 1165 103 1207 in
119 1165 212 1207 Deo
231 1166 325 1218 sita,
339 1165 545 1218 illuserit3
563 1165 685 1223 quasi
703 1180 801 1206 vero
820 1164 864 1206 id
882 1164 1002 1207 vobis
1017 1165 1278 1208 omnimodis
1296 1178 1477 1220 constet,

60 1240 178 1300 quod
205 1251 425 1300 tantopere
450 1242 880 1300 poposcistis,vestrae
908 1243 1137 1301 uxorisque
1164 1243 1290 1286 saluti
1315 1245 1480 1288 conclu-

61 1333 171 1359 cere.
197 1317 331 1377 Quod
355 1334 454 1360 sane
473 1319 506 1360 si
528 1318 650 1360 vobis
673 1319 770 1361 satis
799 1318 1068 1377 exploratum
1097 1319 1271 1375 fuisset,
1303 1324 1481 1366 acrioris

55 1395 246 1454 justique
265 1395 427 1439 doloris
450 1398 604 1455 ingens
626 1413 713 1439 esse
736 1396 961 1439 videbatur
978 1397 1114 1440 fomes
1131 1432 1141 1451 ,
1168 1398 1270 1441 dum
1291 1417 1366 1443 vos
1391 1418 1481 1444 non

58 1474 180 1531 quasi
203 1473 342 1516 filium
374 1475 633 1533 corriperet,
668 1475 741 1517 sed
767 1475 897 1517 veluti
931 1476 973 1517 in
1010 1475 1302 1520 adversarium
1334 1478 1481 1522 divina

59 1566 240 1593 censura
273 1551 524 1594 desaevisset.
552 1552 751 1594 Attamen
778 1552 837 1594 sic
863 1568 1035 1611 quoque
1058 1569 1145 1595 non
1174 1553 1482 1613 desperationis

58 1627 309 1671 barathrum
329 1628 625 1684 subeundum,
650 1628 723 1671 sed
745 1628 945 1671 divinitas
968 1629 1133 1672 infensa
1151 1631 1352 1689 precibus
1375 1635 1480 1676 assi-

57 1706 174 1760 duis,
198 1724 246 1750 ae
272 1709 495 1750 summissa
521 1707 662 1750 suerat
693 1707 902 1750 flectenda
925 1708 1144 1767 patientia.
1179 1710 1307 1753 Nunc
1335 1721 1480 1756 autem

58 1800 156 1828 cum
176 1786 292 1828 Deus
318 1801 466 1828 omnes
489 1785 686 1827 homines
711 1784 849 1827 salvos
881 1784 981 1827 velit
1004 1785 1121 1839 fieri,
1156 1802 1205 1828 ac
1229 1788 1273 1829 in
1304 1791 1480 1833 nomine

57 1864 204 1922 ipsius,
224 1864 299 1922 qui
317 1863 513 1906 Salvator
530 1862 704 1914 dicitur,
724 1878 850 1904 nemo
870 1863 1077 1921 postulet,
1100 1864 1183 1906 nisi
1200 1866 1275 1923 qui
1296 1869 1481 1926 propriae

60 1939 186 1982 saluti
219 1938 414 1998 proficua
450 1939 674 1997 flagitarit,
703 1955 888 1998 cumque
927 1956 1002 1982 vos
1039 1942 1083 1983 in
1115 1943 1290 1985 nomine
1328 1944 1479 1988 Salva—

56 2017 160 2059 toris
182 2016 310 2075 plena
332 2015 414 2058 fide
437 2016 668 2075 petieritiS,
692 2017 788 2074 quis
808 2033 894 2058 non
920 2018 1122 2076 opinetur
1146 2035 1233 2061 non
1257 2021 1480 2065 exauditos

54 2093 231 2152 quidem
255 2109 331 2135 vos
357 2092 412 2134 ad
437 2092 671 2152 temporale
695 2103 842 2136 votum
861 2126 872 2146 ,
896 2094 1118 2137 exauditos
1141 2106 1284 2139 autem
1306 2098 1362 2141 ad
1383 2115 1481 2158 per-

57 2181 228 2230 petuam
268 2169 484 2213 salutem?
524 2171 616 2229 Ego
656 2170 782 2229 plane
826 2170 1069 2215 firmissime
1110 2173 1367 2219 crediderim
1387 2211 1398 2231 ,
1439 2189 1480 2222 et

56 2247 178 2290 vobis
196 2281 207 2301 ,
242 2257 284 2290 et
302 2248 452 2301 uxori,
475 2249 568 2306 ejus
599 2248 727 2290 etiam
752 2249 984 2292 immaturo
1009 2266 1182 2294 excessu
1215 2254 1477 2299 consultum.

57 2323 265 2383 Quaeritis
290 2324 690 2383 quemadmodum?
714 2327 878 2386 Nempe
913 2327 1031 2385 quod
1056 2329 1266 2389 conjuges
1287 2348 1339 2376 ex
1367 2334 1481 2378 duo-

56 2400 136 2443 bus
160 2401 412 2460 corporibus
438 2403 483 2444 in
510 2418 642 2445 unam
672 2403 834 2446 redacti
864 2420 1140 2464 compagem,
1167 2407 1268 2452 licet
1298 2427 1481 2455 concor-

58 2478 229 2521 dissime
246 2479 455 2531 vixerint,
482 2496 570 2523 non
595 2496 683 2522 una
706 2479 790 2523 leto
813 2480 1110 2540 resolvuntur3
1135 2495 1176 2528 et
1196 2497 1405 2544 quantum
1425 2489 1481 2533 ad

59 2557 263 2599 usitatum
286 2566 449 2600 naturae
474 2558 660 2616 pertinet
682 2558 878 2602 ordinem
892 2593 903 2612 ,
924 2577 1094 2604 necesse
1117 2573 1178 2606 est
1205 2580 1340 2608 unum
1356 2565 1481 2611 alteri

59 2650 291 2693 superesse.
329 2636 442 2678 Hinc
475 2636 566 2693 jam
599 2646 738 2680 vestra
772 2638 1001 2696 prudentia
1036 2640 1271 2699 intelligit,
1304 2645 1480 2702 quando

65 2714 276 2756 sententia
292 2714 336 2755 in
362 2713 582 2756 hominem
601 2713 806 2758 divinitus
827 2716 976 2759 emissa
993 2733 1000 2757 τ
1027 2719 1194 2760 «Terra
1210 2735 1254 2761 es
1271 2730 1312 2762 et
1329 2721 1373 2764 in
1392 2731 1479 2765 ter-

252 2806 303 2836 11.
1228 2813 1274 2842 11
