2105 3348
587 316 660 354 134
1011 307 1263 347 EINHARDI
1294 305 1563 344 EPISTOLAE.

784 457 946 497 LXXII.
982 457 1046 494 AD
1077 454 1260 493 LUPUM
1290 452 1505 492 AMICUM
1534 452 1680 491 SUUM
1699 458 1770 502 (1).

647 577 914 624 Einhardus
934 576 1068 638 Lupo
1089 591 1173 620 suo
1198 570 1655 618 salutem—Omnia
1677 569 1793 616 mihi
1818 570 1990 629 studia,

582 671 839 720 omnesque
864 671 1021 709 curas,
1053 663 1146 698 tam
1169 650 1224 697 ad
1245 668 1368 697 meas
1389 667 1529 715 quam
1551 649 1816 696 amicorum
1835 666 1992 694 causas

582 734 896 799 pertinentes,
923 731 1098 778 exemit
1115 740 1162 776 et
1186 729 1387 776 excussit
1406 727 1563 784 dolor,
1591 745 1734 792 quem
1759 745 1814 774 ex
1836 737 1993 774 morte

582 813 697 859 olim
724 810 956 858 fidissimae
984 808 1220 873 conjugis,
1252 809 1350 870 jam
1376 823 1506 853 nunc
1535 805 1786 852 carissimae
1818 805 1995 852 sororis

581 909 632 937 ac
657 890 821 947 sociae,
849 889 1177 955 gravissimum
1202 885 1321 951 cepi.
1349 885 1446 933 Nec
1466 885 1593 931 finiri
1619 902 1752 949 posse
1776 884 1991 940 videtur3

582 968 811 1033 quoniam
835 965 1163 1013 exstinctionis
1190 963 1314 1009 illius
1332 962 1610 1027 qualitatem
1629 962 1743 1009 adeo
1765 961 1996 1008 tenaciter

584 1046 809 1093 memoria
828 1045 1020 1099 retinet,
1039 1053 1092 1089 ut
1111 1042 1218 1089 inde
1233 1042 1423 1106 penitus
1439 1058 1538 1088 non
1557 1041 1706 1104 possit
1721 1039 1874 1088 avelli.
1893 1040 1997 1085 Huc

583 1122 788 1178 accedit,
826 1120 954 1186 quod
981 1120 1134 1184 ipsum
1166 1118 1383 1166 dolorem
1412 1116 1669 1163 identidem
1700 1115 1996 1171 accumulat,

583 1211 629 1249 et
653 1201 824 1246 vulnus
853 1198 997 1246 sem-al
1022 1207 1267 1261 acceptum
1288 1195 1554 1252 exulcerat,
1579 1193 1709 1259 quod
1733 1203 1839 1240 vota
1874 1192 1998 1239 scili-

583 1289 657 1325 cet
679 1287 840 1325 nostra
870 1275 991 1322 nihil
1022 1275 1175 1322 valere
1200 1273 1421 1337 permissa
1448 1282 1587 1326 sunt,
1616 1288 1668 1316 ac
1698 1287 1825 1334 spes,
1855 1286 1999 1334 quam

582 1357 630 1402 in
668 1356 937 1419 Martyrum
970 1353 1152 1399 meritis
1179 1362 1320 1414 atque
1353 1350 1707 1397 interventione
1742 1347 2000 1395 collocavi-

581 1450 704 1489 mus,
722 1431 1099 1495 expectationem
1120 1438 1333 1475 nostram
1348 1445 1403 1474 ex
1418 1444 1514 1473 asse
1532 1425 1756 1473 frustrata
1776 1435 1862 1472 est.
1883 1425 1999 1471 Inde

581 1510 740 1557 evenit
774 1521 827 1556 ut
861 1508 1120 1555 solantium
1158 1504 1328 1562 verba,
1371 1523 1479 1569 quae
1507 1504 1713 1551 aliorum
1753 1503 1998 1549 moestitiae

584 1586 761 1634 mederi
805 1585 988 1641 solent,
1039 1583 1224 1648 plagam
1269 1581 1422 1628 cordis
1471 1581 1624 1628 nostri
1673 1578 2001 1626 recrudescere

583 1666 743 1729 potius
761 1663 938 1709 faciant
960 1671 1102 1726 atque
1122 1657 1410 1714 rescindant,
1439 1676 1547 1704 cum
1574 1676 1649 1704 me
1670 1657 2002 1722 aequanimiter

582 1742 707 1789 ferre
727 1740 898 1804 jubent
930 1738 1185 1786 infortunii
1221 1736 1482 1792 molestias,
1514 1753 1628 1800 quas
1659 1735 1745 1798 ipsi
1771 1752 1873 1782 non
1899 1751 2002 1781 sen-

586 1821 737 1876 tiunt,
760 1829 900 1883 atque
923 1819 971 1864 in
992 1834 1047 1864 eo
1077 1826 1267 1863 censent
1293 1813 1409 1860 mihi
1436 1811 1800 1878 gratulandum,
1828 1813 1879 1859 in
1903 1830 2000 1878 quo

586 1897 775 1944 nullum
808 1895 966 1961 gaudii
997 1894 1069 1941 vel
1103 1893 1284 1940 laetitiae
1315 1891 1474 1938 valent
1505 1890 1833 1938 demonstrare
1862 1891 2003 1938 vesti-

584 1977 733 2041 gium.
763 1973 879 2033 Quis
911 1983 980 2019 est
1012 1972 1142 2019 enim
1173 1970 1478 2026 mortalium,
1515 1969 1591 2015 cui
1622 1987 1755 2016 mens
1784 1979 2000 2025 constet,

585 2054 766 2118 quique
799 2069 966 2097 sanum
999 2050 1170 2114 sapiat,
1197 2049 1281 2113 qui
1312 2058 1489 2095 sortem
1520 2065 1650 2093 suam
1675 2064 1775 2093 non
1803 2046 1999 2103 defleat,

586 2141 633 2177 ct
658 2130 740 2194 qui
771 2147 818 2175 se
847 2127 1087 2174 infelicem
1111 2144 1162 2172 ac
1186 2125 1507 2173 miserrimum
1531 2141 1631 2170 non
1657 2123 1861 2187 judicet,
1892 2142 2001 2170 cum

591 2210 638 2254 in
657 2207 911 2253 afflictione
935 2206 1141 2270 positus,
1167 2222 1275 2252 eum
1292 2240 1304 2260 ,
1331 2221 1475 2269 quem
1499 2203 1622 2248 votis
1641 2202 1734 2248 suis
1755 2201 2002 2249 fauturum

587 2285 691 2332 fore
722 2283 1007 2339 crediderat,
1036 2301 1251 2330 aversum
1280 2291 1421 2347 atque
1446 2279 1789 2326 inexorabilem
1820 2280 2003 2345 experi-

635 2468 685 2511 (1)
705 2467 808 2501 Hanc
821 2465 1010 2512 epistolam
1022 2492 1030 2508 ,
1046 2477 1124 2512 quae
1140 2466 1178 2499 in
1193 2465 1317 2500 codice
1332 2464 1562 2499 Laudunensi
1580 2463 1823 2507 desideratur,
1840 2464 2001 2510 primum

588 2540 604 2559 a
640 2525 788 2572 Papirio
818 2525 1004 2565 Massono,
1035 2523 1168 2558 deinde
1201 2537 1219 2558 a
1247 2524 1426 2566 Chesnio,
1456 2524 1514 2565 ΙΙ,
1543 2523 1630 2571 728,
1664 2523 1762 2558 inter
1788 2523 1881 2570 Lupi
1911 2523 2003 2569 epis-

590 2585 716 2627 stolas,
746 2583 882 2630 publici
907 2583 1002 2629 juris
1020 2583 1149 2617 saetam
1165 2612 1173 2623 ,
1197 2596 1261 2618 nos
1285 2596 1326 2618 ex
1353 2583 1544 2618 Baluziana
1564 2595 1717 2630 operum
1743 2584 1848 2630 Lupi,
1875 2582 2003 2617 Ferra-

590 2645 716 2680 riensis
741 2643 896 2684 abbatis,
927 2641 1087 2676 editione
1115 2643 1342 2685 recmlinms,
1371 2643 1434 2677 ubi
1460 2656 1538 2678 eam
1564 2656 1600 2689 p.
1623 2640 1664 2685 5,
1686 2642 1754 2677 sub
1779 2653 1934 2677 numero
1964 2653 2000 2674 ιιι

589 2712 748 2740 notatam
772 2702 938 2748 reperias.
959 2702 1072 2747 Cujus
1090 2702 1234 2736 initium
1257 2709 1398 2738 tantuin
1419 2703 1527 2738 modo
1546 2704 1588 2738 D.
1612 2704 1796 2750 Bouqnet,
1820 2703 1892 2743 Vl,
1914 2705 1998 2744 409..

587 2764 702 2798 vdidit
716 2792 723 2804 ,
745 2762 908 2796 eamden·
932 2761 1035 2807 plane
1055 2763 1250 2807 integram.
1276 2775 1317 2797 cx
1333 2764 1458 2798 <uidem
1477 2764 1591 2799 sonte.
1615 2761 1859 2804 YVeinckens,
1878 2763 2001 2808 Egim-

591 2823 713 2855 harlux
738 2823 959 2857 illustratus,
981 2832 1044 2867 ᾗς),
1072 2833 1165 2854 [xiii.
