2105 3348
595 262 673 297 2200
900 253 1139 293 1115101111
1172 252 1591 300 '1*RANsLAT10Ms,
1624 270 1702 294 me.

598 341 770 386 seratus
788 347 882 393 est,
907 335 1066 381 dicens
1090 354 1098 379 :
1125 354 1146 377 t<
1166 333 1342 396 Adjuva
1365 350 1440 379 me
1456 369 1468 390 ,
1487 345 1644 380 sancte
1661 335 1956 383 Marcelline!
1978 357 1998 380 »

598 417 704 476 Quo
721 415 925 461 clamore
940 413 1123 459 tametsi
1139 429 1321 467 omne5‚
1342 411 1421 475 qui
1447 412 1495 457 in
1508 411 1697 458 ecclesia
1713 424 1864 472 erant,
1880 413 2003 460 haud

594 511 732 556 parva
766 491 928 538 forent
968 489 1329 554 perturbatione
1354 489 1612 545 commoti,
1642 491 1819 552 majore
1847 500 2003 536 tamen

593 581 723 634 parte
736 579 935 632 propter
950 568 1266 614 reverentiam
1286 566 1566 630 evangelicae
1586 566 1802 612 lectionis
1830 567 1878 612 in
1898 567 2005 613 1000

591 657 883 702 remanente,
904 645 1059 709 plures
1077 644 1133 690 ad
1148 643 1404 690 videndum
1423 661 1643 708 quaenam
1662 660 1794 690 causa
1816 643 2006 707 hujusce

591 725 810 772 clamoris
844 724 1065 771 existeret
1098 732 1440 777 accurrerunt3
1477 731 1550 775 et,
1590 731 1644 766 ut
1665 731 1824 785 postea
1851 722 2005 767 testati

589 811 720 856 sunt,
744 801 1034 848 invenerunt
1052 799 1269 845 eumdem
1285 835 1296 854 ,
1322 799 1370 843 in
1392 815 1447 845 eo
1467 815 1566 862 quo
1585 797 1861 845 consederat
1878 798 2005 858 loco,

590 891 786 926 extento
808 896 859 925 ac
884 878 1159 941 resupinato
1185 894 1386 940 corpore
1403 879 1669 940 jacentem,
1692 886 2007 940 mentumque

588 975 640 1003 ac
677 967 840 1021 pectus
877 973 1046 1002 cruore
1085 973 1139 1000 ex
1175 954 1367 1000 naribus
1399 953 1670 1017 profluente
1702 952 2003 999 inundatum.

590 1035 681 1094 Qui
717 1051 827 1079 eum
860 1032 918 1078 ab
953 1032 1016 1078 eis
1055 1041 1264 1086 erectus,
1298 1042 1344 1077 et
1377 1030 1624 1094 paululum
1656 1047 1792 1094 aquae
1821 1029 2006 1095 frigidae

589 1128 778 1158 sumens
804 1110 968 1157 fuisset
1006 1119 1273 1165 recreatus,
1309 1109 1476 1155 retulit
1509 1108 1597 1154 sibi
1639 1109 1794 1155 visum
1831 1107 2002 1163 fuisse,

593 1199 707 1234 tunc
746 1205 856 1234 cum
896 1188 1024 1232 illam
1053 1204 1220 1233 vocem
1257 1187 1504 1243 emiserat,
1542 1187 1671 1251 quod
1696 1186 1865 1251 aliquis
1898 1204 2008 1233 eum

588 1283 751 1330 pugno
778 1267 826 1311 in
852 1266 1085 1312 cervicem
1108 1264 1430 1327 percussisset,
1447 1273 1589 1328 atque
1614 1263 1718 1310 ideo
1735 1262 1861 1311 beati
1886 1264 2008 1310 Mar-

594 1346 706 1408 tyris
737 1343 967 1390 auxilium
999 1343 1291 1406 implorasse.
1322 1343 1560 1389 Caeterum
1587 1341 1715 1388 hunc
1736 1343 1884 1388 ictum
1913 1353 2006 1389 tam

593 1423 846 1469 salutarem
885 1422 925 1468 ei
959 1421 1100 1467 fuisse
1137 1430 1323 1468 constat
1346 1430 1424 1477 ut,
1453 1437 1508 1467 ex
1534 1420 1618 1467 illo
1642 1421 1872 1484 temporis
1899 1437 2008 1467 mo-

593 1511 776 1556 mento,
791 1499 979 1545 nullum
993 1498 1116 1544 illius
1132 1497 1277 1544 foedae
1292 1498 1562 1562 agitationis
1579 1497 1830 1562 vestigium
1846 1499 1895 1544 in
1912 1501 2009 1561 ejus

592 1595 794 1642 corpore
827 1577 1028 1623 ulterius
1067 1587 1332 1640 appareret.
1371 1577 1412 1621 Is
1448 1585 1611 1639 postea
1641 1593 1725 1639 per
1749 1575 1868 1622 duos
1911 1576 2009 1622 fere

592 1674 742 1704 annos
774 1656 822 1701 111
849 1656 1016 1701 eodem
1047 1654 1154 1701 loco
1176 1653 1375 1709 mansit,
1405 1664 1452 1699 et
1481 1663 1535 1698 ut
1563 1653 1659 1717 ipse
1690 1663 1884 1700 testatus
1912 1664 2005 1708 est,

593 1734 723 1780 nulla
751 1749 846 1779 nox
880 1732 928 1777 in
955 1730 1045 1778 hoc
1070 1730 1270 1777 biennio
1299 1730 1417 1788 fuit,
1450 1731 1498 1776 111
1533 1747 1624 1794 qua
1650 1747 1734 1793 per
1766 1730 2008 1777 somnium

592 1811 804 1865 eosdem,
832 1810 914 1874 qui
942 1826 1051 1855 eum
1075 1809 1255 1854 salvum
1280 1807 1498 1855 fecerunt
1515 1844 1528 1864 ,
1554 1808 1784 1871 Martyres
1809 1825 1906 1856 non
1931 1809 2008 1854 vi-

590 1889 759 1943 disset3
784 1886 932 1932 multa
961 1903 1152 1951 quoque
1173 1885 1231 1930 ab
1257 1886 1321 1932 eis
1345 1885 1572 1941 audisset,
1593 1903 1702 1950 quae
1730 1885 1832 1932 aliis
1853 1885 2008 1932 dicere

585 1964 845 2029 jubebatur
861 1982 871 2007 ε
895 1981 952 2010 ex
964 1962 1139 2028 quibus
1150 1963 1373 2028 pleraque
1387 1980 1518 2009 nunc
1535 1962 1732 2026 implere
1747 1963 2005 2019 cernimus,

590 2060 697 2107 quae
725 2042 803 2088 ille
825 2053 940 2088 tunc
957 2040 1117 2086 futura
1142 2057 1238 2088 esse
1258 2039 1496 2104 praedixit.

659 2360 738 2405 40.
777 2359 888 2404 Post
920 2375 1093 2421 paucos
1123 2358 1219 2404 dies
1242 2358 1446 2404 vidimus
1480 2369 1526 2405 et
1557 2359 1702 2405 alium
1722 2359 2002 2424 quemdam,

592 2435 734 2482 simili
757 2433 929 2483 morbo
962 2435 1249 2499 implicitum
1266 2471 1279 2491 ,
1307 2437 1355 2481 in
1389 2435 1548 2482 eadem
1572 2435 1788 2494 basilica,
1816 2454 1900 2500 per
1922 2454 2008 2483 eo-

591 2513 811 2560 rumdem
832 2514 1120 2560 Sanctorum
1141 2514 1329 2570 merita,
1352 2530 1451 2560 non
1470 2514 1683 2560 dissimili
1700 2514 1844 2561 modo
1861 2531 2005 2560 cura-

593 2603 713 2639 tum.
736 2592 857 2639 Nam
875 2591 1076 2657 quadam
1100 2601 1242 2638 nocte
1256 2627 1268 2647 ‚
1292 2609 1398 2637 cum
1417 2591 1474 2638 ad
1490 2592 1783 2638 matutinum
1798 2592 2005 2639 officium

592 2667 954 2725 celebrandum,
989 2678 1037 2716 et
1059 2668 1234 2716 divinae
1259 2669 1372 2733 legis
1407 2669 1635 2716 lectiones
1672 2668 1922 2716 audiendas
1954 2669 2003 2714 in

590 2747 780 2794 ecclesia
808 2747 1096 2802 sederemus,
1135 2746 1331 2792 intravit
1353 2747 1546 2811 quidam
1575 2746 1740 2794 habitu
1772 2746 1999 2802 clericali,
