2105 3348
593 261 669 299 322
885 253 1125 293 HISTORIA
1156 251 1567 298 TRANSLATIONIS,
1600 264 1680 289 mc.

589 356 644 384 co
674 354 719 382 sc
753 332 971 380 collocari
1003 330 1203 386 faceret,
1242 338 1288 375 et
1315 338 1422 375 ante
1457 328 1670 373 triduum
1700 327 1989 390 completum

591 414 696 461 inde
722 428 818 457 non
844 408 1081 456 recederet
1106 426 1115 453 :
1139 408 1229 453 hoc
1253 405 1396 452 modo
1415 405 1674 469 plenariam
1695 420 1803 450 eum
1827 420 1989 450 conse-

590 501 808 536 cuturum
845 487 1108 532 sanitatem.
1151 484 1290 544 Quod
1326 482 1407 529 ubi
1446 483 1487 529 ei
1522 481 1857 528 annuntiatum
1890 491 1986 535 est,

588 563 855 613 convocatis
881 562 1041 608 amicis
1063 579 1115 607 ac
1138 559 1391 625 proximiS‚
1422 559 1557 622 petiit
1581 568 1634 603 ut
1657 574 1766 622 erga
1792 574 1838 604 se
1866 557 1991 602 illius

588 641 884 690 revelationis
909 642 1032 704 jussa
1059 639 1372 703 complerent.
1400 637 1492 697 Qui
1517 654 1632 684 mox
1654 638 1875 700 jumento
1900 635 1992 681 im-

587 719 792 783 positum
807 753 819 774 ,
842 716 899 763 ad
918 717 1183 764 oratorium
1203 714 1469 771 adducunt3
1494 723 1634 777 atque
1655 713 1704 758 in
1724 728 1805 768 eo,
1829 721 1883 757 ut
1898 713 1992 774 jus-

586 813 690 842 sum
713 795 891 849 fuerat,
915 793 1217 847 collocantes,
1239 789 1416 838 abeunt
1431 825 1444 848 ,
1467 799 1575 853 post
1599 787 1811 834 triduum
1829 804 1992 834 rever-

585 877 678 918 suri
690 908 699 917 .
719 872 801 917 Ille
818 880 976 917 autem
992 869 1166 916 ibidem
1182 868 1417 922 dimissus,
1434 885 1519 930 per
1536 876 1629 913 tres
1644 865 1739 912 (lies
1756 875 1803 911 et
1815 874 1993 919 noctes,

584 949 790 996 Domino
823 965 911 1012 pro
935 947 1094 993 salutis
1126 962 1222 993 suae
1250 944 1609 1008 recuperatione
1641 942 1763 989 haud
1791 941 1993 988 inaniter

585 1027 874 1090 supplicans,
906 1026 967 1070 ita
988 1023 1195 1088 perfecte
1218 1033 1406 1068 sanatus
1428 1031 1524 1078 est,
1549 1030 1603 1066 ut
1626 1020 1812 1066 nullum
1834 1020 1883 1065 in
1902 1017 1993 1064 suis

584 1101 839 1149 visceribus
859 1101 1043 1158 morbi,
1068 1118 1165 1165 quo
1185 1099 1339 1146 multo
1361 1109 1574 1162 tempore
1597 1095 1864 1152 tenebatur,
1886 1111 1995 1141 asse-

584 1190 709 1226 reret
734 1179 1007 1225 remansisse
1031 1178 1296 1241 vestigium.
1323 1176 1428 1222 Suis
1454 1176 1600 1239 igitur
1623 1175 1744 1219 sicut
1763 1173 1995 1237 promise-

584 1266 692 1301 rant
723 1255 777 1301 ad
807 1273 853 1301 se
880 1254 1108 1312 reversis,
1138 1271 1189 1300 ac
1221 1270 1384 1299 sanum
1408 1252 1529 1297 sicut
1556 1259 1834 1314 optaverant
1863 1249 1995 1295 inve-

586 1330 824 1379 nientibus
841 1367 851 1385 ‚
875 1349 973 1378 non
994 1330 1136 1377 dorso
1154 1329 1385 1394 jumenti,
1408 1339 1459 1374 ut
1480 1338 1673 1374 venerat
1688 1363 1700 1383 ,
1723 1325 1801 1373 sed
1821 1325 1994 1390 pedum

584 1426 777 1454 suornm
798 1407 958 1454 officio
984 1407 1039 1454 ad
1064 1408 1255 1472 propria
1271 1442 1283 1462 ‚
1307 1424 1413 1452 cum
1440 1404 1619 1468 ingenti
1646 1415 1692 1450 et
1714 1420 1791 1448 sua
1817 1413 1863 1449 et
1888 1401 1995 1448 illo—

587 1503 691 1531 rum
721 1485 1036 1549 gratulatione
1059 1497 1200 1549 atquc
1224 1485 1386 1531 laetitia
1402 1520 1415 1540 ‚
1441 1500 1674 1548 regressus
1700 1491 1784 1528 est.

653 2103 731 2148 67.
771 2099 856 2144 Est
883 2101 998 2145 item
1025 2097 1201 2145 fundus
1230 2099 1386 2163 regius
1414 2099 1462 2144 in
1486 2116 1606 2163 pago
1634 2099 1855 2156 Mosam,
1885 2111 1995 2148 octo

590 2177 780 2223 circiter
804 2175 947 2222 leucis
969 2174 1028 2220 ab
1051 2175 1258 2239 Aquensi
1280 2176 1385 2223 vico
1406 2175 1693 2239 disparatus,
1716 2177 1993 2241 Gangluden

589 2252 876 2300 habitatores
907 2252 1176 2316 appellant;
1212 2253 1260 2298 in
1293 2269 1390 2317 quo
1421 2252 1592 2299 mulier
1621 2252 1863 2316 quaedam,
1888 2272 1996 2319 quae

588 2339 698 2376 octo
717 2328 813 2374 fere
829 2345 1066 2373 annorum
1080 2327 1226 2373 filiam
1238 2327 1338 2373 dira
1352 2328 1575 2392 paralysis
1588 2329 1869 2393 aegritudine
1882 2330 1997 2378 adeo

564 2439 568 2442 -
590 2404 854 2454 confectam
879 2402 1100 2460 habebat,
1127 2414 1180 2450 ut
1197 2406 1296 2467 jam
1319 2421 1375 2451 ex
1401 2404 1546 2469 longo
1571 2414 1785 2470 tempore
1807 2407 1992 2454 nullum

591 2499 711 2547 pene
735 2478 1002 2526 membrum
1041 2480 1098 2526 ad
1126 2480 1330 2526 officium
1364 2498 1502 2527 suum
1530 2499 1720 2529 movere
1748 2484 1994 2548 potuisset.

589 2558 761 2606 Audita
785 2557 1020 2603 virtutum
1041 2557 1164 2603 fama
1177 2593 1191 2614 ‚
1218 2575 1347 2622 spem
1371 2557 1427 2605 de
1450 2559 1769 2623 recuperanda
1791 2559 1903 2608 filiae
1926 2579 1993 2607 sa·

591 2637 689 2683 lute
720 2635 801 2699 pio
831 2634 972 2683 corde
1001 2635 1243 2699 concepit3
1278 2636 1592 2701 protinusque
1616 2635 1847 2683 sublatam
1873 2638 1995 2684 ulnis

591 2711 797 2778 propriis
807 2745 820 2769 ‚
838 2709 895 2758 ad
912 2721 1227 2759 memoratum
1245 2712 1508 2760 oratorium
1526 2712 1776 2776 deportare
1792 2713 1988 2761 curavit.
