2105 3348
569 275 639 310 lffli
854 263 1092 302 HISTORIA
1123 257 1547 301 'l‘l'iANSLA'l'lONIS‚
1580 269 1661 294 Ere.

566 352 699 412 vique
724 346 766 391 id
792 344 846 388 di·
870 358 965 405 quo
990 338 1172 385 dicebat
1191 335 1460 384 ostenderet
1477 353 1675 390 —nam,
1703 334 1843 397 paulo
1864 342 1971 378 ante

564 441 702 490 quam
722 420 840 467 idem
855 417 1105 482 presbyter
1118 415 1174 461 ad
1189 414 1359 461 eumin
1378 422 1595 477 cryptam
1610 411 1826 468 venisset,
1844 427 1972 472 repe-

567 504 625 548 rit
644 503 688 545 in
705 497 867 545 eodem
891 494 1109 558 sepulcro
1123 529 1135 549 ‚
1165 493 1210 538 in
1239 508 1335 555 quo
1355 500 1628 536 sanctorum
1644 486 1904 533 Marcellini
1925 497 1971 532 et

564 577 688 624 Petri
713 592 837 620 sacra
867 588 1067 634 corpora
1084 572 1336 633 jacuerunt
1352 603 1364 623 ,
1389 566 1605 613 foramen
1628 562 1864 628 quoddam
1900 578 1973 607 ro-

567 654 697 700 tundi
709 652 973 708 schematis,
989 650 1131 694 trium
1145 647 1292 694 ferme
1306 645 1478 709 pedum
1491 641 1787 706 longitudine
1801 641 1847 686 in
1856 650 1976 686 tror-

565 751 639 777 =sus
654 740 944 785 excavatum,
963 726 1112 791 pedali
1132 723 1446 788 amplitudine
1464 732 1627 785 patens
1642 756 1654 777 ,
1673 730 1717 766 et
1740 720 1789 764 in
1807 735 1862 764 eo
1881 717 1974 762 mi—

568 810 669 855 nuti
692 807 899 872 pulveris
925 823 1022 853 non
1048 803 1277 850 modicam
1308 801 1582 864 portionem
1611 798 1866 861 repositam
1885 824 1939 830 ——-
1961 831 1972 850 ,

567 906 589 931 v
600 889 717 932 isum
731 882 1055 936 estambobus,
1071 880 1199 945 quod
1215 880 1290 925 hic
1302 879 1455 942 pulvis
1467 877 1522 922 de
1537 892 1738 940 cor-pore
1753 872 1872 920 beati
1888 874 1976 917 Ti-

568 964 735 1017 lun-tii,
754 960 936 1008 ossibus
952 959 1059 1005 inde
1075 956 1287 1012 sublatis,
1316 971 1558 1001 remanere
1573 952 1803 1016 potuisset
1825 960 1897 995 :et
1914 948 1977 996 ol)

571 1043 676 1096 hoc,
695 1051 747 1085 ut
769 1038 1002 1085 difficilius
1028 1036 1344 1090 inveniretur,
1369 1033 1525 1079 medio
1546 1032 1650 1077 loco
1670 1031 1793 1076 inter
1819 1028 1978 1074 beatos

572 1117 895 1165 Marcellinum
917 1125 962 1161 et
977 1115 1190 1170 Petrum,
1212 1112 1256 1156 in
1278 1110 1439 1157 eadem
1453 1107 1633 1163 tumba,
1653 1107 1816 1153 fuisset
1836 1121 1979 1167 repo-—

569 1198 684 1240 situs
711 1216 719 1240 ε
742 1193 1060 1256 convenitque
1090 1191 1212 1236 inter
1235 1206 1313 1234 eos
1344 1198 1392 1232 ut
1415 1205 1519 1234 eum
1545 1184 1793 1248 presbyter
1820 1199 1979 1227 sume-

571 1282 665 1325 ret,
694 1280 739 1316 et
769 1287 853 1334 pro
875 1268 1085 1331 reliquiis
1109 1265 1231 1312 beati
1260 1263 1467 1309 Tiburtii
1494 1278 1650 1308 secum
1674 1259 1895 1305 deferret.

642 1815 711 1856 ¹1¹1.
739 1810 819 1854 His
855 1809 914 1853 ita
945 1806 1187 1852 transactis
1213 1815 1354 1868 atque
1387 1802 1652 1866 dispositis,
1680 1819 1787 1847 cum
1817 1799 1982 1858 rebus,

575 1907 689 1955 quas
723 1896 1031 1951 repererunt,
1068 1884 1124 1929 ad
1157 1884 1357 1945 hospitia
1391 1899 1469 1926 sua
1502 1881 1676 1927 reversi
1712 1890 1839 1926 sunt.
1877 1881 1988 1926 Post

578 1968 676 2013 haec
696 1965 949 2018 Ratleicus,
979 1980 1087 2008 cum
1115 1961 1298 2024 hospite
1318 1977 1403 2006 suo
1430 1960 1643 2017 locutus,
1670 1972 1804 2022 rogat
1824 1969 1874 2004 ut
1901 1957 1987 2004 sibi

579 2061 731 2089 sacros
752 2041 872 2089 beati
897 2039 1160 2086 Marcellini
1185 2039 1392 2093 cineres,
1420 2054 1539 2102 quos
1564 2037 1603 2083 ei
1633 2035 1688 2082 ad
1708 2035 1991 2082 servandum

579 2120 1016 2173 commendaverat,
1044 2116 1233 2172 reddat,
1257 2134 1396 2181 seque
1422 2117 1468 2161 in
1494 2116 1694 2179 patriam
1723 2114 1876 2161 redire
1902 2131 1992 2161 vo—

580 2200 756 2244 lentem
779 2196 905 2242 nulla
925 2213 1026 2243 non
1045 2195 1298 2241 necessaria
1317 2193 1545 2241 dilatione
1562 2193 1786 2240 detineat.
1808 2192 1890 2238 Cui
1914 2191 1991 2237 ille

580 2293 677 2321 non
700 2275 853 2321 solum
874 2273 1002 2339 quod
1027 2271 1270 2337 repetebat
1294 2273 1395 2320 sine
1413 2289 1543 2319 mora
1568 2272 1798 2328 restituit,
1825 2289 1992 2318 verum

582 2354 721 2399 etiam
739 2351 795 2397 de
809 2362 1083 2397 sanctorum
1104 2350 1336 2414 reliquiis,
1363 2351 1409 2396 in
1432 2367 1522 2395 una
1547 2349 1743 2413 ligatura
1764 2348 1990 2402 collectis,

584 2430 703 2475 haud
729 2446 919 2493 parvam
941 2429 1217 2492 portionem
1243 2426 1358 2473 mihi
1385 2427 1683 2473 deferendam
1707 2426 1885 2474 obtulit
1910 2446 1919 2470 :
1948 2435 1994 2472 et

584 2508 839 2572 requisitus
857 2499 913 2552 de
934 2504 1209 2553 nominibus
1229 2522 1413 2561 eorum,
1435 2504 1550 2551 mihi
1571 2522 1618 2551 se
1634 2504 1708 2550 illa
1730 2504 1989 2559 dicturum,

585 2584 775 2649 quando
800 2583 855 2630 ad
881 2601 955 2630 me
979 2583 1208 2638 venisset,
1243 2582 1504 2646 respondit.
1532 2583 1722 2630 Monuit
1759 2593 1913 2628 tamen
1943 2590 1996 2626 ut.

587 2662 744 2708 eadem
770 2661 1093 2715 veneratione,
1114 2677 1205 2724 qua
1234 2670 1402 2707 ceterae
1427 2670 1700 2707 sanctorum
1726 2660 1995 2723 Martyrum

589 2740 799 2803 reliquiae
824 2739 1112 2793 colerentur,
1139 2738 1336 2802 eoquod
1361 2756 1457 2784 non
1479 2738 1679 2785 minoris
1702 2736 1822 2801 apud
1846 2736 1995 2782 Deum
