<?xml version="1.0" encoding="UTF-8"?>
<!DOCTYPE html PUBLIC "-//W3C//DTD XHTML 1.0 Transitional//EN"
    "http://www.w3.org/TR/xhtml1/DTD/xhtml1-transitional.dtd">
<html xmlns="http://www.w3.org/1999/xhtml" xml:lang="en" lang="en">
 <head>
  <title>
</title>
<meta http-equiv="Content-Type" content="text/html;charset=utf-8" />
  <meta name='ocr-system' content='tesseract 3.04.00' />
  <meta name='ocr-capabilities' content='ocr_page ocr_carea ocr_par ocr_line ocrx_word'/>
</head>
<body>
  <div class='ocr_page' id='page_1' title='image "./einhardiomniaqua02einhuoft_0447.png"; bbox 0 0 1979 3348; ppageno 0'>
   <div class='ocr_carea' id='block_1_1' title="bbox 119 329 1534 2622">
    <p class='ocr_par' dir='ltr' id='par_1_1' title="bbox 522 329 1534 368">
     <span class='ocr_line' id='line_1_1' title="bbox 522 329 1534 368; baseline -0.003 0"><span class='ocrx_word' id='word_1_1' title='bbox 522 329 836 368; x_wconf 83' lang='lat' dir='ltr'><strong>MARCELLlNl</strong></span> <span class='ocrx_word' id='word_1_2' title='bbox 870 331 932 368; x_wconf 80' lang='lat' dir='ltr'><strong>ET</strong></span> <span class='ocrx_word' id='word_1_3' title='bbox 965 330 1130 368; x_wconf 85' lang='lat' dir='ltr'>PETRI.</span> <span class='ocrx_word' id='word_1_4' title='bbox 1461 329 1534 367; x_wconf 79' lang='lat'><strong>407</strong></span> 
     </span>
    </p>

    <p class='ocr_par' dir='ltr' id='par_1_2' title="bbox 119 416 1302 1312">
     <span class='ocr_line' id='line_1_2' title="bbox 127 416 1233 476; baseline 0 -18"><span class='ocrx_word' id='word_1_5' title='bbox 127 416 298 475; x_wconf 86' lang='lat' dir='ltr'><strong>Quibus</strong></span> <span class='ocrx_word' id='word_1_6' title='bbox 320 418 440 468; x_wconf 72' lang='lat' dir='ltr'><strong>visis,</strong></span> <span class='ocrx_word' id='word_1_7' title='bbox 467 416 703 476; x_wconf 73' lang='lat' dir='ltr'><strong>profugisse</strong></span> <span class='ocrx_word' id='word_1_8' title='bbox 727 417 994 460; x_wconf 70' lang='lat' dir='ltr'>tremefactos</span> <span class='ocrx_word' id='word_1_9' title='bbox 1017 428 1208 459; x_wconf 81' lang='lat' dir='ltr'><strong>asserunt</strong></span> <span class='ocrx_word' id='word_1_10' title='bbox 1224 451 1233 467; x_wconf 88' lang='lat'><strong>,</strong></span> 
     </span>
     <span class='ocr_line' id='line_1_3' title="bbox 126 494 1168 554; baseline 0 -17"><span class='ocrx_word' id='word_1_11' title='bbox 126 495 217 553; x_wconf 86' lang='lat' dir='ltr'><strong>Qui</strong></span> <span class='ocrx_word' id='word_1_12' title='bbox 239 494 381 537; x_wconf 85' lang='lat' dir='ltr'><strong>beatos</strong></span> <span class='ocrx_word' id='word_1_13' title='bbox 403 495 686 545; x_wconf 82' lang='lat' dir='ltr'><strong>confessores,</strong></span> <span class='ocrx_word' id='word_1_14' title='bbox 714 505 956 537; x_wconf 85' lang='lat' dir='ltr'><strong>catenarum</strong></span> <span class='ocrx_word' id='word_1_15' title='bbox 981 495 1168 554; x_wconf 86' lang='lat' dir='ltr'><strong>pondere</strong></span> 
     </span>
     <span class='ocr_line' id='line_1_4' title="bbox 124 571 1262 630; baseline 0 -18"><span class='ocrx_word' id='word_1_16' title='bbox 124 571 412 628; x_wconf 74' lang='lat' dir='ltr'><strong>Praegravatos</strong></span> <span class='ocrx_word' id='word_1_17' title='bbox 434 587 482 613; x_wconf 84' lang='lat' dir='ltr'><strong>ac</strong></span> <span class='ocrx_word' id='word_1_18' title='bbox 505 571 747 630; x_wconf 79' lang='lat' dir='ltr'><strong>depressos,</strong></span> <span class='ocrx_word' id='word_1_19' title='bbox 773 571 1011 630; x_wconf 85' lang='lat' dir='ltr'><strong>puniendos</strong></span> <span class='ocrx_word' id='word_1_20' title='bbox 1033 582 1262 614; x_wconf 80' lang='lat' dir='ltr'><strong>traxerant.</strong></span> 
     </span>
     <span class='ocr_line' id='line_1_5' title="bbox 125 647 1107 708; baseline -0.001 -17"><span class='ocrx_word' id='word_1_21' title='bbox 125 649 248 707; x_wconf 86' lang='lat' dir='ltr'><strong>Quos</strong></span> <span class='ocrx_word' id='word_1_22' title='bbox 276 659 321 691; x_wconf 92' lang='lat' dir='ltr'><strong>ut</strong></span> <span class='ocrx_word' id='word_1_23' title='bbox 343 650 402 708; x_wconf 88' lang='lat' dir='ltr'><strong>pii</strong></span> <span class='ocrx_word' id='word_1_24' title='bbox 422 649 634 706; x_wconf 75' lang='lat' dir='ltr'><strong>fugientes</strong></span> <span class='ocrx_word' id='word_1_25' title='bbox 656 648 780 690; x_wconf 87' lang='lat' dir='ltr'><strong>turba</strong></span> <span class='ocrx_word' id='word_1_26' title='bbox 806 647 912 690; x_wconf 87' lang='lat' dir='ltr'><strong>vidit</strong></span> <span class='ocrx_word' id='word_1_27' title='bbox 934 649 1083 706; x_wconf 90' lang='lat' dir='ltr'><strong>populi</strong></span> <span class='ocrx_word' id='word_1_28' title='bbox 1099 683 1107 694; x_wconf 81' lang='grc'>,</span> 
     </span>
     <span class='ocr_line' id='line_1_6' title="bbox 121 724 1153 783; baseline 0 -17"><span class='ocrx_word' id='word_1_29' title='bbox 121 725 428 768; x_wconf 81' lang='lat' dir='ltr'><strong>Praeeurrendo</strong></span> <span class='ocrx_word' id='word_1_30' title='bbox 454 724 671 767; x_wconf 75' lang='lat' dir='ltr'><strong>festinavit</strong></span> <span class='ocrx_word' id='word_1_31' title='bbox 696 725 928 783; x_wconf 85' lang='lat' dir='ltr'><strong>praevenire</strong></span> <span class='ocrx_word' id='word_1_32' title='bbox 951 725 1126 782; x_wconf 74' lang='lat' dir='ltr'><strong>pavidos</strong></span> <span class='ocrx_word' id='word_1_33' title='bbox 1145 759 1153 776; x_wconf 92' lang='lat'><strong>,</strong></span> 
     </span>
     <span class='ocr_line' id='line_1_7' title="bbox 122 791 1263 850; baseline -0.001 -16"><span class='ocrx_word' id='word_1_34' title='bbox 122 793 184 834; x_wconf 84' lang='lat' dir='ltr'><strong>Ae</strong></span> <span class='ocrx_word' id='word_1_35' title='bbox 209 792 395 835; x_wconf 88' lang='lat' dir='ltr'><strong>mulcere</strong></span> <span class='ocrx_word' id='word_1_36' title='bbox 421 808 495 834; x_wconf 85' lang='lat' dir='ltr'><strong>cor</strong></span> <span class='ocrx_word' id='word_1_37' title='bbox 519 791 738 834; x_wconf 81' lang='lat' dir='ltr'><strong>furentum</strong></span> <span class='ocrx_word' id='word_1_38' title='bbox 764 791 901 833; x_wconf 81' lang='lat' dir='ltr'><strong>verbis</strong></span> <span class='ocrx_word' id='word_1_39' title='bbox 927 792 1053 850; x_wconf 83' lang='lat' dir='ltr'><strong>coepit</strong></span> <span class='ocrx_word' id='word_1_40' title='bbox 1075 792 1263 834; x_wconf 85' lang='lat' dir='ltr'><strong>mitibus.</strong></span> 
     </span>
     <span class='ocr_line' id='line_1_8' title="bbox 124 868 1296 928; baseline -0.002 -16"><span class='ocrx_word' id='word_1_41' title='bbox 124 869 206 912; x_wconf 82' lang='lat' dir='ltr'><strong>Sed</strong></span> <span class='ocrx_word' id='word_1_42' title='bbox 231 885 315 912; x_wconf 89' lang='lat' dir='ltr'><strong>non</strong></span> <span class='ocrx_word' id='word_1_43' title='bbox 340 870 483 911; x_wconf 78' lang='lat' dir='ltr'><strong>valens</strong></span> <span class='ocrx_word' id='word_1_44' title='bbox 505 869 621 927; x_wconf 92' lang='lat' dir='ltr'><strong>quod</strong></span> <span class='ocrx_word' id='word_1_45' title='bbox 646 869 813 911; x_wconf 72' lang='lat' dir='ltr'><strong>volebat</strong></span> <span class='ocrx_word' id='word_1_46' title='bbox 836 870 902 928; x_wconf 86' lang='lat' dir='ltr'><strong>pia</strong></span> <span class='ocrx_word' id='word_1_47' title='bbox 923 868 1041 928; x_wconf 83' lang='lat' dir='ltr'><strong>plebs</strong></span> <span class='ocrx_word' id='word_1_48' title='bbox 1064 869 1296 927; x_wconf 77' lang='lat' dir='ltr'><strong>perficere,</strong></span> 
     </span>
     <span class='ocr_line' id='line_1_9' title="bbox 122 945 1188 997; baseline -0.001 -8"><span class='ocrx_word' id='word_1_49' title='bbox 122 947 236 989; x_wconf 89' lang='lat' dir='ltr'><strong>Loco</strong></span> <span class='ocrx_word' id='word_1_50' title='bbox 261 947 366 989; x_wconf 82' lang='lat' dir='ltr'><strong>fixos</strong></span> <span class='ocrx_word' id='word_1_51' title='bbox 387 948 632 997; x_wconf 73' lang='lat' dir='ltr'>retentavit,</span> <span class='ocrx_word' id='word_1_52' title='bbox 659 946 796 989; x_wconf 83' lang='lat' dir='ltr'><strong>donee</strong></span> <span class='ocrx_word' id='word_1_53' title='bbox 820 946 980 988; x_wconf 84' lang='lat' dir='ltr'>Christi</span> <span class='ocrx_word' id='word_1_54' title='bbox 1001 945 1188 988; x_wconf 77' lang='lat' dir='ltr'><strong>famulus</strong></span> 
     </span>
     <span class='ocr_line' id='line_1_10' title="bbox 120 1021 1114 1065; baseline 0.001 -1"><span class='ocrx_word' id='word_1_55' title='bbox 120 1022 399 1065; x_wconf 82' lang='lat' dir='ltr'><strong>Marcellinus</strong></span> <span class='ocrx_word' id='word_1_56' title='bbox 423 1021 642 1064; x_wconf 87' lang='lat' dir='ltr'><strong>obtulisset</strong></span> <span class='ocrx_word' id='word_1_57' title='bbox 666 1022 891 1065; x_wconf 88' lang='lat' dir='ltr'><strong>salutarem</strong></span> <span class='ocrx_word' id='word_1_58' title='bbox 915 1024 1114 1065; x_wconf 81' lang='lat' dir='ltr'><strong>hostiam.</strong></span> 
     </span>
     <span class='ocr_line' id='line_1_11' title="bbox 120 1099 1206 1158; baseline 0.001 -17"><span class='ocrx_word' id='word_1_59' title='bbox 120 1101 228 1141; x_wconf 83' lang='lat' dir='ltr'><strong>Nam</strong></span> <span class='ocrx_word' id='word_1_60' title='bbox 252 1101 295 1141; x_wconf 91' lang='lat' dir='ltr'><strong>in</strong></span> <span class='ocrx_word' id='word_1_61' title='bbox 321 1115 448 1158; x_wconf 83' lang='lat' dir='ltr'><strong>specu</strong></span> <span class='ocrx_word' id='word_1_62' title='bbox 464 1133 474 1151; x_wconf 91' lang='lat'><strong>,</strong></span> <span class='ocrx_word' id='word_1_63' title='bbox 500 1115 584 1158; x_wconf 89' lang='lat' dir='ltr'><strong>quo</strong></span> <span class='ocrx_word' id='word_1_64' title='bbox 606 1099 752 1142; x_wconf 84' lang='lat' dir='ltr'><strong>&#39;futura</strong></span> <span class='ocrx_word' id='word_1_65' title='bbox 773 1100 1021 1158; x_wconf 83' lang='lat' dir='ltr'><strong>sperabatur</strong></span> <span class='ocrx_word' id='word_1_66' title='bbox 1043 1101 1179 1158; x_wconf 87' lang='lat' dir='ltr'><strong>passio</strong></span> <span class='ocrx_word' id='word_1_67' title='bbox 1196 1134 1206 1151; x_wconf 75' lang='lat'><strong>,</strong></span> 
     </span>
     <span class='ocr_line' id='line_1_12' title="bbox 119 1176 1225 1234; baseline 0.002 -17"><span class='ocrx_word' id='word_1_68' title='bbox 119 1177 285 1234; x_wconf 68' lang='lat' dir='ltr'><strong>Martyr</strong></span> <span class='ocrx_word' id='word_1_69' title='bbox 309 1176 470 1219; x_wconf 85' lang='lat' dir='ltr'>Christi</span> <span class='ocrx_word' id='word_1_70' title='bbox 493 1176 723 1219; x_wconf 85' lang='lat' dir='ltr'><strong>celebravit</strong></span> <span class='ocrx_word' id='word_1_71' title='bbox 747 1177 972 1218; x_wconf 87' lang='lat' dir='ltr'><strong>missarum</strong></span> <span class='ocrx_word' id='word_1_72' title='bbox 994 1177 1200 1219; x_wconf 88' lang='lat' dir='ltr'><strong>solemnia</strong></span> <span class='ocrx_word' id='word_1_73' title='bbox 1215 1210 1225 1228; x_wconf 81' lang='grc'>,</span> 
     </span>
     <span class='ocr_line' id='line_1_13' title="bbox 122 1252 1302 1312; baseline -0.001 -16"><span class='ocrx_word' id='word_1_74' title='bbox 122 1254 232 1312; x_wconf 75' lang='lat' dir='ltr'><strong>Quis</strong></span> <span class='ocrx_word' id='word_1_75' title='bbox 253 1252 498 1311; x_wconf 85' lang='lat' dir='ltr'><strong>eompletis,</strong></span> <span class='ocrx_word' id='word_1_76' title='bbox 521 1253 815 1297; x_wconf 85' lang='lat' dir='ltr'><strong>abscesserunt</strong></span> <span class='ocrx_word' id='word_1_77' title='bbox 837 1269 945 1311; x_wconf 89' lang='lat' dir='ltr'><strong>quos</strong></span> <span class='ocrx_word' id='word_1_78' title='bbox 970 1254 1086 1296; x_wconf 86' lang='lat' dir='ltr'><strong>abire</strong></span> <span class='ocrx_word' id='word_1_79' title='bbox 1103 1255 1302 1311; x_wconf 82' lang='lat' dir='ltr'><strong>jusserat.</strong></span> 
     </span>
    </p>

    <p class='ocr_par' dir='ltr' id='par_1_3' title="bbox 120 1330 1497 2622">
     <span class='ocr_line' id='line_1_14' title="bbox 182 1330 1497 1388; baseline -0.001 -15"><span class='ocrx_word' id='word_1_80' title='bbox 182 1337 252 1374; x_wconf 78' lang='lat'><strong>12.</strong></span> <span class='ocrx_word' id='word_1_81' title='bbox 287 1332 401 1372; x_wconf 90' lang='lat' dir='ltr'><strong>Tum</strong></span> <span class='ocrx_word' id='word_1_82' title='bbox 426 1332 619 1372; x_wconf 82' lang='lat' dir='ltr'><strong>conversi</strong></span> <span class='ocrx_word' id='word_1_83' title='bbox 643 1330 920 1373; x_wconf 85' lang='lat' dir='ltr'><strong>Marcellinus</strong></span> <span class='ocrx_word' id='word_1_84' title='bbox 943 1338 1068 1388; x_wconf 87' lang='lat' dir='ltr'><strong>atque</strong></span> <span class='ocrx_word' id='word_1_85' title='bbox 1093 1331 1243 1372; x_wconf 81' lang='lat' dir='ltr'><strong>Petrus</strong></span> <span class='ocrx_word' id='word_1_86' title='bbox 1266 1340 1470 1387; x_wconf 78' lang='lat' dir='ltr'><strong>martyres</strong></span> <span class='ocrx_word' id='word_1_87' title='bbox 1488 1364 1497 1377; x_wconf 73' lang='lat'><em>„</em></span> 
     </span>
     <span class='ocr_line' id='line_1_15' title="bbox 122 1406 1258 1466; baseline 0 -17"><span class='ocrx_word' id='word_1_88' title='bbox 122 1407 259 1450; x_wconf 79' lang='lat' dir='ltr'><strong>Ambo</strong></span> <span class='ocrx_word' id='word_1_89' title='bbox 285 1406 411 1449; x_wconf 90' lang='lat' dir='ltr'><strong>simul</strong></span> <span class='ocrx_word' id='word_1_90' title='bbox 434 1407 698 1466; x_wconf 86' lang='lat' dir='ltr'><strong>perfidorum</strong></span> <span class='ocrx_word' id='word_1_91' title='bbox 725 1407 1005 1465; x_wconf 87' lang='lat' dir='ltr'><strong>alloquuntur</strong></span> <span class='ocrx_word' id='word_1_92' title='bbox 1028 1407 1233 1466; x_wconf 85' lang='lat' dir='ltr'><strong>populum</strong></span> <span class='ocrx_word' id='word_1_93' title='bbox 1249 1441 1258 1459; x_wconf 94' lang='lat'><strong>,</strong></span> 
     </span>
     <span class='ocr_line' id='line_1_16' title="bbox 121 1483 1189 1543; baseline -0.002 -16"><span class='ocrx_word' id='word_1_94' title='bbox 121 1485 260 1543; x_wconf 86' lang='lat' dir='ltr'><strong>Atque</strong></span> <span class='ocrx_word' id='word_1_95' title='bbox 285 1483 358 1526; x_wconf 90' lang='lat' dir='ltr'><strong>tali</strong></span> <span class='ocrx_word' id='word_1_96' title='bbox 381 1483 640 1526; x_wconf 82' lang='lat' dir='ltr'><strong>furibundos</strong></span> <span class='ocrx_word' id='word_1_97' title='bbox 661 1483 975 1542; x_wconf 83' lang='lat' dir='ltr'><strong>compellabant</strong></span> <span class='ocrx_word' id='word_1_98' title='bbox 997 1483 1157 1526; x_wconf 77' lang='lat' dir='ltr'><strong>&#39;famine</strong></span> <span class='ocrx_word' id='word_1_99' title='bbox 1179 1501 1189 1525; x_wconf 91' lang='lat'><strong>·.</strong></span> 
     </span>
     <span class='ocr_line' id='line_1_17' title="bbox 125 1561 1178 1620; baseline 0.002 -19"><span class='ocrx_word' id='word_1_100' title='bbox 125 1581 143 1601; x_wconf 88' lang='lat'>«</span> <span class='ocrx_word' id='word_1_101' title='bbox 175 1579 221 1605; x_wconf 57' lang='lat' dir='ltr'><strong>„n</strong></span> <span class='ocrx_word' id='word_1_102' title='bbox 246 1562 431 1613; x_wconf 85' lang='lat' dir='ltr'><strong>vidistis,</strong></span> <span class='ocrx_word' id='word_1_103' title='bbox 454 1561 571 1620; x_wconf 91' lang='lat' dir='ltr'><strong>quod</strong></span> <span class='ocrx_word' id='word_1_104' title='bbox 597 1563 640 1603; x_wconf 89' lang='lat' dir='ltr'><strong>in</strong></span> <span class='ocrx_word' id='word_1_105' title='bbox 665 1571 808 1604; x_wconf 87' lang='lat' dir='ltr'><strong>nostra</strong></span> <span class='ocrx_word' id='word_1_106' title='bbox 833 1561 995 1604; x_wconf 88' lang='lat' dir='ltr'><strong>ditione</strong></span> <span class='ocrx_word' id='word_1_107' title='bbox 1015 1561 1178 1614; x_wconf 82' lang='lat' dir='ltr'><strong>suerat,</strong></span> 
     </span>
     <span class='ocr_line' id='line_1_18' title="bbox 120 1637 1272 1697; baseline -0.001 -16"><span class='ocrx_word' id='word_1_108' title='bbox 120 1639 178 1682; x_wconf 91' lang='lat' dir='ltr'><strong>Ut</strong></span> <span class='ocrx_word' id='word_1_109' title='bbox 197 1655 271 1681; x_wconf 80' lang='lat' dir='ltr'><strong>vos</strong></span> <span class='ocrx_word' id='word_1_110' title='bbox 292 1638 420 1681; x_wconf 91' lang='lat' dir='ltr'><strong>modo</strong></span> <span class='ocrx_word' id='word_1_111' title='bbox 435 1671 445 1691; x_wconf 90' lang='lat'><strong>,</strong></span> <span class='ocrx_word' id='word_1_112' title='bbox 471 1654 557 1697; x_wconf 91' lang='lat' dir='ltr'><strong>quo</strong></span> <span class='ocrx_word' id='word_1_113' title='bbox 583 1637 808 1690; x_wconf 81' lang='lat' dir='ltr'><strong>vellemus,</strong></span> <span class='ocrx_word' id='word_1_114' title='bbox 833 1638 1070 1680; x_wconf 77' lang='lat' dir='ltr'><strong>valeremus</strong></span> <span class='ocrx_word' id='word_1_115' title='bbox 1093 1637 1242 1681; x_wconf 84' lang='lat' dir='ltr'><strong>laedere</strong></span> <span class='ocrx_word' id='word_1_116' title='bbox 1262 1672 1272 1689; x_wconf 80' lang='lat'><strong>,</strong></span> 
     </span>
     <span class='ocr_line' id='line_1_19' title="bbox 120 1715 1186 1776; baseline -0.002 -17"><span class='ocrx_word' id='word_1_117' title='bbox 120 1718 172 1759; x_wconf 91' lang='lat' dir='ltr'><strong>Et</strong></span> <span class='ocrx_word' id='word_1_118' title='bbox 195 1732 304 1776; x_wconf 89' lang='lat' dir='ltr'><strong>quos</strong></span> <span class='ocrx_word' id='word_1_119' title='bbox 324 1718 490 1759; x_wconf 74' lang='lat' dir='ltr'><strong>vinctos</strong></span> <span class='ocrx_word' id='word_1_120' title='bbox 513 1715 717 1759; x_wconf 86' lang='lat' dir='ltr'><strong>tenebatis</strong></span> <span class='ocrx_word' id='word_1_121' title='bbox 733 1750 742 1767; x_wconf 95' lang='lat'><strong>,</strong></span> <span class='ocrx_word' id='word_1_122' title='bbox 767 1717 808 1758; x_wconf 88' lang='lat' dir='ltr'><strong>vi</strong></span> <span class='ocrx_word' id='word_1_123' title='bbox 833 1725 998 1774; x_wconf 87' lang='lat' dir='ltr'><strong>ereptos</strong></span> <span class='ocrx_word' id='word_1_124' title='bbox 1021 1715 1186 1758; x_wconf 89' lang='lat' dir='ltr'><strong>tollere.</strong></span> 
     </span>
     <span class='ocr_line' id='line_1_20' title="bbox 121 1793 1080 1851; baseline -0.001 -15"><span class='ocrx_word' id='word_1_125' title='bbox 121 1793 204 1836; x_wconf 91' lang='lat' dir='ltr'><strong>Sed</strong></span> <span class='ocrx_word' id='word_1_126' title='bbox 227 1794 309 1836; x_wconf 88' lang='lat' dir='ltr'><strong>hoe</strong></span> <span class='ocrx_word' id='word_1_127' title='bbox 333 1793 447 1835; x_wconf 89' lang='lat' dir='ltr'><strong>nolle</strong></span> <span class='ocrx_word' id='word_1_128' title='bbox 469 1793 712 1836; x_wconf 86' lang='lat' dir='ltr'><strong>Christiana</strong></span> <span class='ocrx_word' id='word_1_129' title='bbox 732 1793 835 1835; x_wconf 76' lang='lat' dir='ltr'><strong>fecit</strong></span> <span class='ocrx_word' id='word_1_130' title='bbox 854 1794 1080 1851; x_wconf 88' lang='lat' dir='ltr'><strong>patientia,</strong></span> 
     </span>
     <span class='ocr_line' id='line_1_21' title="bbox 121 1869 1323 1930; baseline 0.002 -18"><span class='ocrx_word' id='word_1_131' title='bbox 121 1870 266 1929; x_wconf 84' lang='lat' dir='ltr'><strong>Quam</strong></span> <span class='ocrx_word' id='word_1_132' title='bbox 290 1887 466 1913; x_wconf 89' lang='lat' dir='ltr'><strong>suorum</strong></span> <span class='ocrx_word' id='word_1_133' title='bbox 490 1870 717 1913; x_wconf 89' lang='lat' dir='ltr'><strong>inserendo</strong></span> <span class='ocrx_word' id='word_1_134' title='bbox 741 1869 802 1930; x_wconf 88' lang='lat'><strong>(1)</strong></span> <span class='ocrx_word' id='word_1_135' title='bbox 821 1870 1084 1914; x_wconf 79' lang='lat' dir='ltr'><strong>famulorum</strong></span> <span class='ocrx_word' id='word_1_136' title='bbox 1105 1873 1298 1915; x_wconf 86' lang='lat' dir='ltr'><strong>sensibus</strong></span> <span class='ocrx_word' id='word_1_137' title='bbox 1313 1905 1323 1924; x_wconf 92' lang='lat'><strong>,</strong></span> 
     </span>
     <span class='ocr_line' id='line_1_22' title="bbox 121 1947 1218 1992; baseline -0.001 0"><span class='ocrx_word' id='word_1_138' title='bbox 121 1949 208 1992; x_wconf 91' lang='lat' dir='ltr'><strong>Suo</strong></span> <span class='ocrx_word' id='word_1_139' title='bbox 232 1949 354 1991; x_wconf 90' lang='lat' dir='ltr'><strong>mites</strong></span> <span class='ocrx_word' id='word_1_140' title='bbox 376 1964 426 1991; x_wconf 86' lang='lat' dir='ltr'><strong>ac</strong></span> <span class='ocrx_word' id='word_1_141' title='bbox 449 1947 660 1991; x_wconf 86' lang='lat' dir='ltr'><strong>modestos</strong></span> <span class='ocrx_word' id='word_1_142' title='bbox 683 1948 877 1992; x_wconf 89' lang='lat' dir='ltr'><strong>Christus</strong></span> <span class='ocrx_word' id='word_1_143' title='bbox 898 1948 1001 1991; x_wconf 83' lang='lat' dir='ltr'><strong>facit</strong></span> <span class='ocrx_word' id='word_1_144' title='bbox 1025 1965 1218 1991; x_wconf 86' lang='lat' dir='ltr'><strong>munere.</strong></span> 
     </span>
     <span class='ocr_line' id='line_1_23' title="bbox 120 2025 1306 2085; baseline 0 -17"><span class='ocrx_word' id='word_1_145' title='bbox 120 2026 172 2068; x_wconf 91' lang='lat' dir='ltr'><strong>Et</strong></span> <span class='ocrx_word' id='word_1_146' title='bbox 195 2041 310 2068; x_wconf 85' lang='lat' dir='ltr'><strong>nunc</strong></span> <span class='ocrx_word' id='word_1_147' title='bbox 333 2025 506 2084; x_wconf 84' lang='lat' dir='ltr'><strong>quidem</strong></span> <span class='ocrx_word' id='word_1_148' title='bbox 529 2041 629 2078; x_wconf 90' lang='lat' dir='ltr'><strong>nos,</strong></span> <span class='ocrx_word' id='word_1_149' title='bbox 655 2042 835 2085; x_wconf 87' lang='lat' dir='ltr'><strong>superna</strong></span> <span class='ocrx_word' id='word_1_150' title='bbox 859 2025 1120 2083; x_wconf 79' lang='lat' dir='ltr'><strong>suffragante</strong></span> <span class='ocrx_word' id='word_1_151' title='bbox 1146 2027 1280 2084; x_wconf 82' lang='lat' dir='ltr'><strong>gratia</strong></span> <span class='ocrx_word' id='word_1_152' title='bbox 1296 2059 1306 2077; x_wconf 78' lang='lat'><strong>,</strong></span> 
     </span>
     <span class='ocr_line' id='line_1_24' title="bbox 122 2101 1187 2161; baseline 0.001 -18"><span class='ocrx_word' id='word_1_153' title='bbox 122 2102 233 2144; x_wconf 87' lang='lat' dir='ltr'><strong>Hinc</strong></span> <span class='ocrx_word' id='word_1_154' title='bbox 256 2102 373 2144; x_wconf 90' lang='lat' dir='ltr'><strong>abire</strong></span> <span class='ocrx_word' id='word_1_155' title='bbox 395 2112 661 2161; x_wconf 78' lang='lat' dir='ltr'><strong>poteramus,</strong></span> <span class='ocrx_word' id='word_1_156' title='bbox 687 2104 720 2144; x_wconf 91' lang='lat' dir='ltr'><strong>si</strong></span> <span class='ocrx_word' id='word_1_157' title='bbox 742 2103 824 2145; x_wconf 88' lang='lat' dir='ltr'><strong>hoc</strong></span> <span class='ocrx_word' id='word_1_158' title='bbox 850 2101 980 2145; x_wconf 81' lang='lat' dir='ltr'><strong>ferret</strong></span> <span class='ocrx_word' id='word_1_159' title='bbox 1005 2103 1187 2145; x_wconf 85' lang='lat' dir='ltr'><strong>animus.</strong></span> 
     </span>
     <span class='ocr_line' id='line_1_25' title="bbox 122 2179 1397 2239; baseline 0 -19"><span class='ocrx_word' id='word_1_160' title='bbox 122 2179 207 2221; x_wconf 75' lang='lat' dir='ltr'><strong>Vos</strong></span> <span class='ocrx_word' id='word_1_161' title='bbox 229 2189 402 2222; x_wconf 86' lang='lat' dir='ltr'><strong>econtra</strong></span> <span class='ocrx_word' id='word_1_162' title='bbox 429 2181 492 2236; x_wconf 83' lang='lat'><strong>(2)</strong></span> <span class='ocrx_word' id='word_1_163' title='bbox 511 2179 616 2237; x_wconf 91' lang='lat' dir='ltr'><strong>quid</strong></span> <span class='ocrx_word' id='word_1_164' title='bbox 639 2181 827 2238; x_wconf 81' lang='lat' dir='ltr'><strong>possitis,</strong></span> <span class='ocrx_word' id='word_1_165' title='bbox 854 2180 1023 2223; x_wconf 84' lang='lat' dir='ltr'><strong>tandem</strong></span> <span class='ocrx_word' id='word_1_166' title='bbox 1047 2180 1186 2239; x_wconf 86' lang='lat' dir='ltr'><strong>palam</strong></span> <span class='ocrx_word' id='word_1_167' title='bbox 1205 2180 1360 2223; x_wconf 74' lang='lat' dir='ltr'><strong>dicite?</strong></span> <span class='ocrx_word' id='word_1_168' title='bbox 1378 2200 1397 2220; x_wconf 72' lang='lat' dir='ltr'><strong>n</strong></span> 
     </span>
     <span class='ocr_line' id='line_1_26' title="bbox 121 2255 1263 2309; baseline 0.003 -13"><span class='ocrx_word' id='word_1_169' title='bbox 121 2257 235 2297; x_wconf 90' lang='lat' dir='ltr'><strong>Tum</strong></span> <span class='ocrx_word' id='word_1_170' title='bbox 259 2255 504 2299; x_wconf 81' lang='lat' dir='ltr'><strong>frendentes</strong></span> <span class='ocrx_word' id='word_1_171' title='bbox 526 2272 574 2298; x_wconf 90' lang='lat' dir='ltr'><strong>ac</strong></span> <span class='ocrx_word' id='word_1_172' title='bbox 599 2256 827 2299; x_wconf 77' lang='lat' dir='ltr'><strong>frementes</strong></span> <span class='ocrx_word' id='word_1_173' title='bbox 855 2256 1019 2299; x_wconf 86' lang='lat' dir='ltr'><strong>Satanae</strong></span> <span class='ocrx_word' id='word_1_174' title='bbox 1043 2256 1263 2309; x_wconf 70' lang='lat' dir='ltr'><strong>satellites,</strong></span> 
     </span>
     <span class='ocr_line' id='line_1_27' title="bbox 120 2333 1445 2392; baseline 0.001 -17"><span class='ocrx_word' id='word_1_175' title='bbox 120 2333 266 2375; x_wconf 91' lang='lat' dir='ltr'><strong>Primo</strong></span> <span class='ocrx_word' id='word_1_176' title='bbox 292 2334 430 2391; x_wconf 90' lang='lat' dir='ltr'><strong>ipsum</strong></span> <span class='ocrx_word' id='word_1_177' title='bbox 447 2367 457 2386; x_wconf 90' lang='lat'><strong>,</strong></span> <span class='ocrx_word' id='word_1_178' title='bbox 483 2349 610 2392; x_wconf 88' lang='lat' dir='ltr'><strong>quem</strong></span> <span class='ocrx_word' id='word_1_179' title='bbox 634 2333 881 2385; x_wconf 90' lang='lat' dir='ltr'><strong>trahebant,</strong></span> <span class='ocrx_word' id='word_1_180' title='bbox 908 2333 1123 2376; x_wconf 83' lang='lat' dir='ltr'><strong>trucidant</strong></span> <span class='ocrx_word' id='word_1_181' title='bbox 1150 2333 1445 2386; x_wconf 83' lang='lat' dir='ltr'><strong>Arthemium,</strong></span> 
     </span>
     <span class='ocr_line' id='line_1_28' title="bbox 121 2409 1118 2468; baseline 0.001 -17"><span class='ocrx_word' id='word_1_182' title='bbox 121 2410 232 2452; x_wconf 84' lang='lat' dir='ltr'><strong>Ense</strong></span> <span class='ocrx_word' id='word_1_183' title='bbox 258 2409 366 2452; x_wconf 85' lang='lat' dir='ltr'><strong>duro</strong></span> <span class='ocrx_word' id='word_1_184' title='bbox 388 2410 589 2453; x_wconf 76' lang='lat' dir='ltr'><strong>ferientes</strong></span> <span class='ocrx_word' id='word_1_185' title='bbox 610 2410 847 2453; x_wconf 84' lang='lat' dir='ltr'><strong>effecerunt</strong></span> <span class='ocrx_word' id='word_1_186' title='bbox 873 2420 1118 2468; x_wconf 75' lang='lat' dir='ltr'><strong>martyrem.</strong></span> 
     </span>
     <span class='ocr_line' id='line_1_29' title="bbox 122 2486 1228 2545; baseline 0.001 -17"><span class='ocrx_word' id='word_1_187' title='bbox 122 2486 258 2543; x_wconf 87' lang='lat' dir='ltr'><strong>Cujus</strong></span> <span class='ocrx_word' id='word_1_188' title='bbox 280 2487 374 2528; x_wconf 86' lang='lat' dir='ltr'><strong>neci</strong></span> <span class='ocrx_word' id='word_1_189' title='bbox 398 2487 718 2544; x_wconf 86' lang='lat' dir='ltr'><strong>conjunxerunt</strong></span> <span class='ocrx_word' id='word_1_190' title='bbox 744 2488 974 2545; x_wconf 81' lang='lat' dir='ltr'><strong>conjugem</strong></span> <span class='ocrx_word' id='word_1_191' title='bbox 999 2503 1047 2529; x_wconf 88' lang='lat' dir='ltr'><strong>ac</strong></span> <span class='ocrx_word' id='word_1_192' title='bbox 1071 2487 1228 2540; x_wconf 70' lang='lat' dir='ltr'><strong>filiam,</strong></span> 
     </span>
     <span class='ocr_line' id='line_1_30' title="bbox 123 2562 1357 2622; baseline -0.002 -17"><span class='ocrx_word' id='word_1_193' title='bbox 123 2563 243 2621; x_wconf 86' lang='lat' dir='ltr'><strong>Quas</strong></span> <span class='ocrx_word' id='word_1_194' title='bbox 258 2596 268 2615; x_wconf 95' lang='lat'><strong>,</strong></span> <span class='ocrx_word' id='word_1_195' title='bbox 294 2579 370 2621; x_wconf 87' lang='lat' dir='ltr'><strong>per</strong></span> <span class='ocrx_word' id='word_1_196' title='bbox 393 2572 548 2621; x_wconf 73' lang='lat' dir='ltr'><strong>cryptae</strong></span> <span class='ocrx_word' id='word_1_197' title='bbox 570 2563 768 2606; x_wconf 84' lang='lat' dir='ltr'><strong>liminare</strong></span> <span class='ocrx_word' id='word_1_198' title='bbox 790 2579 975 2622; x_wconf 87' lang='lat' dir='ltr'><strong>praeceps</strong></span> <span class='ocrx_word' id='word_1_199' title='bbox 998 2563 1116 2606; x_wconf 84' lang='lat' dir='ltr'><strong>datas</strong></span> <span class='ocrx_word' id='word_1_200' title='bbox 1132 2597 1142 2615; x_wconf 93' lang='lat'><strong>,</strong></span> <span class='ocrx_word' id='word_1_201' title='bbox 1167 2562 1357 2605; x_wconf 85' lang='lat' dir='ltr'><strong>obruunt</strong></span> 
     </span>
    </p>
   </div>
   <div class='ocr_carea' id='block_1_2' title="bbox 126 2717 1515 2880">
    <p class='ocr_par' dir='ltr' id='par_1_4' title="bbox 126 2717 1515 2880">
     <span class='ocr_line' id='line_1_31' title="bbox 168 2717 570 2764; baseline 0 -13"><span class='ocrx_word' id='word_1_202' title='bbox 168 2717 220 2763; x_wconf 86' lang='lat'><strong>(1)</strong></span> <span class='ocrx_word' id='word_1_203' title='bbox 247 2717 344 2752; x_wconf 82' lang='lat' dir='ltr'><strong>Edit.</strong></span> <span class='ocrx_word' id='word_1_204' title='bbox 365 2717 570 2764; x_wconf 78' lang='lat' dir='ltr'><strong>inferendo.</strong></span> 
     </span>
     <span class='ocr_line' id='line_1_32' title="bbox 169 2778 1515 2825; baseline -0.001 -12"><span class='ocrx_word' id='word_1_205' title='bbox 169 2782 218 2825; x_wconf 82' lang='lat'><strong>(2)</strong></span> <span class='ocrx_word' id='word_1_206' title='bbox 244 2780 302 2816; x_wconf 90' lang='lat' dir='ltr'><strong>Sic</strong></span> <span class='ocrx_word' id='word_1_207' title='bbox 316 2780 427 2816; x_wconf 87' lang='lat' dir='ltr'><strong>codex</strong></span> <span class='ocrx_word' id='word_1_208' title='bbox 441 2796 449 2823; x_wconf 91' lang='lat'><strong>·,</strong></span> <span class='ocrx_word' id='word_1_209' title='bbox 465 2780 554 2816; x_wconf 84' lang='lat' dir='ltr'><strong>editi</strong></span> <span class='ocrx_word' id='word_1_210' title='bbox 580 2782 654 2815; x_wconf 74' lang='lat' dir='ltr'><strong>Vos</strong></span> <span class='ocrx_word' id='word_1_211' title='bbox 673 2787 820 2820; x_wconf 59' lang='lat' dir='ltr'><strong>contra,</strong></span> <span class='ocrx_word' id='word_1_212' title='bbox 843 2780 922 2823; x_wconf 83' lang='lat' dir='ltr'><strong>sed,</strong></span> <span class='ocrx_word' id='word_1_213' title='bbox 940 2780 1069 2814; x_wconf 84' lang='lat' dir='ltr'><strong>omissa</strong></span> <span class='ocrx_word' id='word_1_214' title='bbox 1088 2778 1221 2825; x_wconf 79' lang='lat' dir='ltr'><strong>syllaba</strong></span> <span class='ocrx_word' id='word_1_215' title='bbox 1243 2792 1276 2822; x_wconf 86' lang='lat' dir='ltr'><strong>c,</strong></span> <span class='ocrx_word' id='word_1_216' title='bbox 1297 2789 1418 2813; x_wconf 84' lang='lat' dir='ltr'><strong>versus</strong></span> <span class='ocrx_word' id='word_1_217' title='bbox 1437 2778 1515 2813; x_wconf 77' lang='lat' dir='ltr'><strong>clau</strong></span> 
     </span>
     <span class='ocr_line' id='line_1_33' title="bbox 126 2845 234 2880; baseline 0 -1"><span class='ocrx_word' id='word_1_218' title='bbox 126 2845 234 2880; x_wconf 83' lang='lat' dir='ltr'><strong>dicat.</strong></span> 
     </span>
    </p>
   </div>
  </div>
 </body>
</html>
