2105 3348
583 317 655 355 13ss
1002 311 1255 349 EINHARDI
1288 310 1557 349 EPISTOLAE.

580 395 688 442 tur?
712 395 929 440 Haeccine
953 390 1059 437 talia
1083 390 1169 437 tihi
1196 390 1437 447 videntur,
1462 403 1516 437 ut
1535 393 1749 455 suspiria,
1772 402 1825 438 ut
1843 392 1987 456 lacry=

580 493 674 520 mas
717 470 1026 518 homuncioni
1061 469 1251 518 tantillo
1286 487 1619 525 commovere,
1653 481 1708 515 ut
1747 470 1898 535 ipsum
1931 471 1987 517 ad

577 552 805 615 gemitum
831 560 876 594 et
898 548 1139 612 planctum
1162 550 1424 605 concitare,
1453 559 1505 594 ut
1533 548 1674 595 etiam
1698 549 1746 594 in
1770 548 1988 613 despera-

580 629 722 674 tionis
741 627 983 672 baratrum
1001 626 1202 690 dejiceie
1218 624 1515 691 potuissent?
1535 626 1598 673 Et
1615 627 1781 691 utique
1793 626 1990 690 dejecis—

578 715 705 760 sent,
740 705 828 750 nisi
856 703 1032 750 divina*
1064 705 1380 753 miserationis
1411 722 1500 769 ope
1523 705 1768 760 suffultus,
1798 704 1914 769 quid
1941 706 1989 750 in

578 782 846 847 hujusmodi
864 782 1012 827 causis
1028 793 1109 828 aut
1127 782 1309 830 casibus
1326 786 1523 847 majores
1537 801 1589 829 ac
1600 783 1821 830 meliores
1836 784 1990 830 nostri

578 859 837 907 tenendum
857 859 1234 925 servandumque
1261 862 1546 916 sanxissent,
1569 861 1626 906 ad
1652 860 1991 925 inquirendum

577 936 738 983 subito
766 955 838 983 me
872 937 1225 984 convertissem.
1268 938 1420 984 Erant
1452 937 1507 984 ad
1547 955 1742 983 manum
1774 937 1993 984 doctores

579 1012 752 1076 egregii
776 1047 786 1064 ‚
823 1010 997 1057 nedum
1023 1029 1122 1059 non
1155 1011 1434 1075 spernendi,
1464 1028 1626 1058 verum
1662 1009 1885 1058 omnibus
1914 1027 1994 1055 au-

580 1088 737 1135 diendi
760 1099 904 1152 atque
929 1088 1154 1152 sequendi
1175 1109 1185 1133 :
1209 1088 1442 1154 gloriosus
1458 1087 1673 1135 videlicet
1700 1098 1883 1151 martyr
1904 1087 1994 1151 Cy-

580 1167 798 1230 prianus,
828 1176 874 1212 et
906 1166 1207 1212 illustrissimi
1233 1184 1468 1213 sacrarum
1488 1167 1854 1230 divinarumque
1872 1165 1995 1212 litte-

582 1262 741 1289 rarum
784 1244 1099 1307 expositoreS,
1148 1244 1439 1309 Augustinus
1478 1255 1618 1308 atque
1650 1244 1991 1308 Hieronymus.

586 1321 1072 1381 Quorumjsenteutiis
1091 1339 1142 1367 ac
1162 1322 1484 1369 saluberrimis
1505 1320 1884 1387 persuasionibus
1904 1322 1998 1366 ani-

580 1410 757 1456 matus,
794 1400 1064 1463 depressum
1097 1401 1225 1464 gravi
1261 1417 1472 1448 moerore
1510 1418 1593 1447 cor
1626 1417 1813 1446 sursum
1845 1399 1999 1446 levare

582 1489 776 1523 conatus
794 1495 915 1531 sum,
936 1478 1158 1542 coepique
1172 1495 1361 1524 mecum
1378 1478 1542 1524 sedulo
1561 1487 1779 1540 reputare
1796 1474 1911 1541 quid
1929 1493 2000 1520 su-

583 1573 667 1620 per
689 1573 876 1602 excessu
897 1556 1149 1601 carissimae
1171 1554 1526 1602 contubernalis
1550 1555 1726 1601 sentire
1748 1552 1968 1600 deberem
1983 1588 1995 1609 ‚

583 1635 715 1696 cujus
734 1632 1074 1680 mortalitatem
1089 1668 1100 1688 ,
1131 1633 1277 1697 magis
1305 1651 1447 1697 quam
1470 1633 1614 1677 vitam
1629 1668 1639 1687 ‚
1664 1630 1879 1676 videbam
1907 1647 2001 1676 esse

585 1709 786 1756 finitam.
806 1711 1005 1756 Tentavi
1026 1711 1185 1765 etiam,
1204 1711 1240 1756 si
1256 1727 1438 1774 possem
1456 1728 1479 1756 a
1497 1709 1778 1772 memetipso
1793 1708 1998 1772 exigere,

587 1798 638 1833 ut
666 1788 707 1833 id
743 1789 927 1836 ratione
961 1788 1086 1851 apud
1120 1805 1194 1834 me
1227 1787 1384 1843 fieret,
1422 1787 1551 1852 quod
1582 1788 1721 1851 longa
1755 1785 1851 1832 dies
1884 1785 2004 1832 solet

587 1866 782 1920 efficere;
805 1866 983 1912 scilicet
1001 1876 1054 1911 ut
1068 1867 1259 1922 vulnus,
1280 1867 1411 1931 quod
1424 1867 1585 1912 animo
1603 1876 1770 1912 nostro
1790 1863 2004 1913 nondum

587 1955 766 2008 sperata
807 1955 963 1990 morte
1000 1945 1281 2008 repentinus
1318 1962 1448 1991 casus
1486 1944 1661 1991 inflixit
1683 1980 1694 1999 ‚
1737 1943 2004 1989 cicatricem

588 2023 759 2069 ducere
776 2040 827 2068 ac
847 2033 1120 2086 spontaneae
1141 2023 1482 2071 consolationis
1495 2023 1842 2069 medicamento
1859 2038 2006 2067 sane&

592 2114 696 2143 cere
719 2097 967 2160 inciperet.
997 2096 1085 2143 Sed
1106 2097 1316 2143 vulneris
1337 2097 1617 2162 magnitudo
1641 2096 1854 2142 facilitati
1875 2096 2007 2142 resis-

593 2171 676 2226 tit;
700 2181 745 2216 et
771 2171 881 2217 licet
905 2169 1210 2216 saluberrima
1233 2171 1352 2227 sint,
1375 2189 1482 2236 quae
1503 2190 1525 2216 a
1549 2171 1822 2218 memoratis
1840 2169 2006 2216 docto-

592 2249 744 2307 ribus,
765 2247 820 2294 ad
840 2248 1156 2312 mitigandum
1174 2267 1360 2313 gravem
1378 2248 1614 2305 dolorem,
1632 2249 1761 2295 velut
1781 2266 1804 2293 a
1823 2248 2009 2311 peritis-

593 2326 723 2371 simis
750 2325 967 2388 idemque
997 2325 1255 2372 mitissimis
1280 2325 1473 2373 medicis
1492 2362 1503 2381 ,
1531 2325 1820 2378 offeruntur,
1847 2324 2004 2388 plaga,

595 2421 701 2467 quae
740 2400 890 2448 adhuc
924 2403 1198 2466 sanguinem
1242 2402 1410 2459 trahit,
1454 2402 1647 2449 sanandi
1684 2402 2009 2448 maturitatem

597 2479 811 2526 nondum
837 2478 1062 2525 admittit.

663 2557 750 2602 Hic
774 2556 969 2603 fortasse
997 2557 1204 2613 miraris,
1242 2577 1292 2604 ac
1326 2558 1442 2606 dicis
1475 2577 1528 2606 ex
1565 2557 1834 2621 hujusmodi
1869 2573 2010 2603 occa—

598 2638 729 2682 sione
769 2645 932 2680 uatum
975 2634 1189 2681 dolorem
1205 2671 1215 2690 ,
1261 2647 1355 2682 tam
1397 2637 1593 2701 longum
1636 2653 1686 2681 ac
1726 2634 2009 2681 diuturnum

600 2731 692 2759 esse
739 2730 835 2757 non
881 2710 1111 2757 debuisse..
1167 2712 1306 2769 Quasi
1346 2715 1392 2759 in
1431 2714 1636 2761 dolentis
1681 2714 1739 2759 sit
1781 2722 2009 2776 potestate

600 2789 788 2854 quando
814 2789 856 2834 id
882 2788 1074 2834 finiatur
1092 2790 1219 2853 quod
1240 2790 1314 2836 ille
1333 2827 1343 2846 ‚
1365 2793 1554 2854 quando
1577 2793 1832 2855 inciperet,
1856 2807 2010 2853 neque
