2105 3348
628 266 698 301 108
1048 260 1301 299 EINHARDI
1335 259 1605 298 EPISTOLAE.

977 403 1078 441 LXI.
1111 404 1176 441 AD
1208 402 1585 441 IMPERATOREM
1611 406 1678 453 (ι).

686 510 825 558 Novo
856 519 902 556 et
933 510 1129 556 insolito
1153 510 1361 557 siderum
1385 521 1498 559 ortu
1519 510 1722 557 infausta
1747 511 1962 577 quaedam
1987 523 2034 558 et

623 589 773 636 tristia
793 588 883 652 (9,),
905 588 1065 652 potius
1083 606 1225 653 quam
1252 588 1359 637 laeta
1377 589 1449 652 (5)
1480 589 1551 636 vel
1573 606 1825 654 prospera,
1855 591 2034 636 miseris

622 677 820 714 ventura
841 665 1092 732 significari
1111 665 1419 724 mortalibus,
1441 684 1562 731 pene
1580 666 1804 713 omnibus
1818 677 2035 715 veterum

624 743 874 790 aestimavit
912 744 1184 791 auctoritas.
1233 743 1340 790 Sola
1378 744 1495 790 sacri
1533 744 1759 809 evangelii
1801 745 2035 808 scriptura

622 821 872 868 salutarem
910 838 1047 868 novae
1079 821 1227 869 stellae
1259 822 1607 886 apparitionem
1640 822 1783 869 fuisse
1816 832 2033 880 testatur,

622 915 766 962 quam
811 897 1140 945 Chaldaeorum
1186 898 1355 945 vidisse
1400 899 1632 962 sapientes
1652 935 1666 956 ‚
1709 909 1755 946 et
1795 909 2034 945 recentem

622 976 789 1022 aeterni
811 977 932 1040 regis
964 988 1127 1022 ortum
1145 976 1202 1023 de
1233 976 1358 1023 illius
1383 976 1643 1023 clarissimo
1667 976 1852 1041 fulgore
1875 976 2036 1039 conji-

623 1053 800 1099 cientes
835 1053 927 1117 (4),
966 1072 1189 1111 munera,
1232 1065 1378 1100 tantae
1409 1055 1639 1118 majestati
1674 1055 2033 1109 convenientia,

621 1128 956 1177 venerabiliter
982 1129 1211 1178 obtulisse
1231 1131 1301 1194 (5)
1321 1142 1597 1177 narrantur.
1626 1131 1716 1178 Sed
1738 1133 1836 1195 ejus
1858 1130 2006 1176 stellae
2022 1166 2033 1186 ‚

621 1224 729 1272 quae
756 1225 907 1272 nuper
931 1210 1150 1273 apparuit
1183 1209 1375 1256 horrida
1407 1220 1454 1257 et
1482 1227 1651 1274 parum
1682 1210 1787 1256 laeta
1813 1209 1952 1255 facies
1978 1207 2036 1254 ab

622 1283 873 1339 omnibus,
911 1287 994 1350 qui
1020 1304 1121 1333 eam
1156 1305 1202 1334 se
1230 1286 1396 1334 vidisse
1434 1287 1588 1334 testati
1614 1297 1751 1343 sunt,
1789 1286 1958 1343 fuisse,
1986 1303 2037 1332 ac

621 1361 871 1407 minaciter
895 1361 1111 1426 flagrasse
1131 1364 1405 1410 nunciatur.
1434 1363 1577 1424 Quae,
1601 1374 1653 1410 ut
1677 1380 1807 1422 reor,
1829 1380 2038 1427 congrua

620 1439 803 1485 meritis
841 1441 1018 1486 nostris
1046 1442 1271 1506 praesagia
1306 1442 1446 1498 fecit,
1475 1452 1522 1489 et
1548 1440 1755 1501 cladem,
1782 1458 1874 1505 qua
1908 1439 2038 1505 digni

621 1532 806 1573 sumus,
828 1527 1081 1563 venturam
1100 1518 1343 1564 indicavit.
1366 1518 1490 1579 Quid
1509 1518 1638 1565 enim
1659 1518 1856 1565 interest
1877 1528 2039 1563 utrum

621 1593 815 1640 homine
848 1594 949 1658 (6),
994 1595 1067 1641 vel
1103 1596 1270 1660 angelo
1311 1595 1413 1659 (7),
1460 1595 1532 1642 vel
1574 1595 1706 1642 stella
1746 1595 2035 1651 nunciante,

621 1671 875 1717 imminens
903 1672 969 1718 ira
1000 1673 1162 1736 generi
1199 1673 1487 1737 praedicetur
1518 1671 1760 1720 humano?
1793 1673 1893 1719 Hoc
1927 1683 2039 1719 tan-

620 1759 726 1794 tum
745 1759 814 1794 est
837 1751 1152 1796 necessarium
1178 1762 1232 1796 ut
1258 1751 1552 1815 intelligatur
1576 1768 1915 1815 supervacuam
1940 1768 2039 1798 non

619 1824 761 1872 fuisse
798 1826 962 1872 sideris
999 1828 1158 1890 [istius
1191 1829 1568 1894 apparitionem]
1580 1865 1592 1885 ‚
1631 1828 1710 1875 sed
1740 1828 2040 1876 admonuisse

621 1902 844 1950 mortales
884 1914 963 1960 ut,
1003 1904 1319 1968 poenitendo,
1353 1917 1401 1953 et
1433 1907 1628 1954 Domini
1666 1906 2041 1954 misericordiam

620 1980 876 2038 flectendo,
893 1981 1114 2029 futurum
1134 1994 1320 2031 certent
1334 1984 1572 2032 declinare
1589 1984 1873 2049 periculum.
1895 1985 1971 2031 Sic
1990 1985 2039 2032 in

620 2060 960 2123 praedicatione
982 2062 1117 2108 Jonae
1137 2099 1149 2119 ,
1188 2063 1376 2110 Ninivae
1410 2063 1656 2111 subversio
1681 2063 1909 2120 civitatis,
1931 2081 2039 2129 quae

668 2242 719 2286 (1)
744 2241 864 2287 Hujus
883 2242 1041 2288 epistolae
1058 2244 1110 2278 nil
1129 2244 1198 2278 nisi
1217 2245 1465 2291 fragmentum
1478 2274 1487 2290 ,
1508 2258 1624 2293 usque
1642 2245 1688 2280 ad
1708 2258 1811 2280 voces
1835 2248 1872 2281 in
1893 2246 2040 2281 domum

610 2300 744 2346 figuli,
767 2312 786 2333 e
806 2299 930 2334 codice
947 2300 1050 2336 dedit
1069 2302 1269 2346 chesnius,
1290 2304 1412 2351 quod,
1432 2317 1475 2339 ex
1493 2305 1592 2351 ipso,
1614 2304 1712 2339 idem
1730 2311 1767 2338 et
1787 2306 1924 2351 pariter
1939 2318 2040 2339 man-

621 2369 719 2401 cum,
739 2358 962 2394 recuderunt
976 2362 1197 2396 recentiores
1216 2362 1387 2406 editores,
1406 2363 1632 2398 Weinckens
1649 2370 1685 2398 et
1699 2363 1744 2399 D.
1763 2363 1950 2412 Bouquet3
1969 2364 2039 2398 hoc

621 2416 717 2463 apud
736 2428 796 2451 eos
816 2417 882 2451 sub
900 2417 946 2451 'n0
968 2430 1022 2452 tvi
1042 2427 1206 2455 notatum
1230 2423 1403 2468 reperias.

667 2477 718 2521 (⁴2)
743 2476 835 2511 Cod.
858 2479 1017 2511 tristitia.

669 2534 720 2580 (5)
746 2536 837 2571 Cod.
860 2537 977 2571 liccta.

667 2595 718 2639 (4)
743 2594 835 2629 Cod.
858 2597 1083 2629 condientes:

668 2652 717 2697 (5)
743 2653 833 2688 Cod.
857 2655 1042 2700 optulisse.

668 2713 719 2757 (6)
745 2714 837 2748 le.
859 2714 1048 2749 hominem.

673 2774 718 2817 ¹7)
748 2774 806 2807 11ae
828 2770 904 2808 diue
922 2786 1023 2809 voces
1044 2776 1076 2809 in
1099 2775 1207 2809 editis
1228 2774 1497 2811 desiderantur.
