2105 3348
588 300 668 337 314
892 297 1135 334 HISTORIA
1166 296 1588 344 TRANSLATIONIS,
1622 313 1701 340 Ere.

588 395 704 442 pore
723 376 1030 422 circumferre
1055 376 1359 440 cognoscitur
1383 397 1392 422 ε
1416 394 1527 423 nam
1553 394 1690 425 crure
1717 396 1769 425 ac
1795 381 1910 443 pede
1936 383 2000 427 si-

590 455 742 500 nistro
761 453 825 498 sic
844 462 1004 516 postea
1033 452 1311 500 claudicavit
1331 463 1385 499 ut
1409 453 1466 499 ad
1490 454 1750 518 regendum
1771 456 2003 504 incessum

588 529 757 576 haculo
789 546 974 592 semper
1003 529 1273 593 indiguerit.
1304 530 1406 577 Hoc
1436 547 1522 576 cur
1552 549 1651 579 non
1686 532 1744 577 sit
1778 550 2002 596 percura—

591 617 718 662 tum,
753 606 913 652 dicant
941 607 1022 671 qui
1055 607 1205 654 velint
1230 627 1239 653 :
1264 625 1350 672 ego
1384 608 1514 655 enim
1546 608 1593 654 id
1625 626 1700 656 me
1732 610 1869 657 video
1905 628 2000 658 non

589 685 726 732 aliter
744 702 878 749 posse
898 686 1150 750 conjicere,
1174 686 1263 731 nisi
1285 696 1338 731 ut
1359 686 1649 744 existimem,
1670 688 1886 735 interiori
1908 691 2004 752 ejus

590 762 727 809 saluti
748 773 1045 827 competere,
1071 774 1126 809 ut
1150 764 1304 829 aliqua
1337 765 1383 811 in
1404 781 1459 812 eo
1482 765 1730 812 exterioris
1750 765 2004 813 debilitatis

592 839 780 904 vestigia
804 850 1124 888 remanerent.

655 1466 735 1513 63.
769 1466 975 1513 Juliacus
995 1478 1192 1513 vocatur
1211 1468 1463 1531 antiquum
1487 1467 1802 1530 municipium
1819 1502 1831 1522 ,
1860 1485 1883 1512 a
1903 1468 2009 1515 vieo

590 1542 800 1607 Aquensi
834 1555 948 1592 octo
982 1544 1228 1609 leugarum
1258 1545 1412 1609 spatio
1443 1543 1751 1608 disparatum.
1787 1546 1854 1592 De
1879 1548 2009 1609 cujus

591 1620 839 1668 territorio
880 1621 1037 1685 puella
1074 1622 1318 1686 quaedam,
1356 1622 1498 1668 simili
1532 1621 1730 1680 morbo,
1772 1622 2010 1687 similique

590 1699 736 1746 modo
762 1700 923 1747 affecta
940 1736 953 1757 ,
981 1719 1004 1747 a
1036 1712 1187 1748 matre
1216 1711 1358 1766 atque
1386 1701 1487 1747 aliis
1516 1701 1800 1766 propinquis
1832 1702 1926 1746 suis
1952 1699 2010 1746 ad

591 1789 912 1824 memoratum
939 1779 1209 1825 oratorium
1244 1778 1442 1825 adducta
1462 1815 1475 1835 ,
1513 1796 1621 1825 cum
1653 1796 1754 1843 prae
1784 1778 2010 1825 multitu-

589 1854 700 1902 dine
729 1855 1008 1916 hominum,
1038 1857 1120 1922 qui
1146 1867 1250 1902 tum
1277 1855 1405 1904 forte
1428 1866 1627 1920 propter
1649 1857 1899 1902 missarum
1928 1873 2010 1901 au-

591 1932 760 1980 dienda
779 1934 1008 1981 solemnia
1028 1934 1140 1980 illuc
1159 1943 1502 1991 convenerant,
1527 1933 1773 1981 introferri
1790 1951 1889 1980 non
1909 1950 2013 1996 pos-

591 2022 660 2057 set
675 2046 687 2066 ,
711 2012 1002 2058 extrinsecus
1022 2029 1122 2058 eam
1142 2011 1199 2058 ad
1227 2011 1510 2058 orientalem
1530 2011 1729 2058 oratorii
1754 2010 2013 2058 fenestram

592 2088 909 2146 collocarunt,
923 2100 1224 2154 expectantes
1232 2089 1666 2154 opportunitatem,
1679 2098 1751 2147 ut,
1764 2088 2013 2135 recedente

589 2165 755 2229 populi
784 2165 1076 2232 frequentia,
1099 2166 1283 2213 facilius
1312 2166 1526 2214 oratorio
1558 2165 1725 2213 inferri
1757 2167 2008 2229 potuisset.

593 2241 682 2288 Sed
708 2242 788 2289 uhi
818 2243 874 2289 ad
894 2244 1104 2290 medium
1132 2245 1230 2292 fere
1249 2245 1455 2291 officium
1481 2254 1678 2290 ventum
1708 2253 1802 2300 est,
1834 2253 1898 2299 et,
1931 2261 2011 2290 ex—

592 2320 722 2383 pleto
748 2321 1027 2385 Evangelio,
1055 2321 1222 2369 hostiae
1249 2322 1463 2367 salutaris
1490 2319 1670 2367 oblatio
1697 2331 1884 2383 peracta
1910 2331 1978 2367 est
1996 2357 2010 2380 ,

592 2408 799 2444 cernunt
823 2416 925 2445 eam
949 2400 1176 2463 angustiis
1201 2399 1336 2456 affici,
1355 2410 1418 2454 et,
1438 2408 1719 2461 erumpente
1745 2415 1829 2461 per
1854 2408 2012 2444 totum

591 2492 766 2539 corpus
789 2476 991 2533 sudore,
1015 2475 1144 2522 velut
1178 2477 1224 2522 in
1252 2493 1476 2523 somnum
1501 2474 1612 2521 labi.
1651 2473 1836 2535 Quibus
1868 2475 2012 2539 signis

591 2553 800 2598 divinam
833 2553 988 2600 adesse
1020 2553 1249 2600 virtutem
1282 2552 1406 2599 haud
1440 2553 1646 2599 inaniter
1677 2552 2008 2616 conjicientes,

591 2631 647 2677 (le
676 2631 759 2678 illo
780 2632 887 2680 loco
911 2632 1138 2691 levatam,
1157 2631 1340 2696 quadro
1362 2630 1533 2695 lapidi,
1557 2630 1640 2695 qui
1668 2640 1867 2695 propter
1884 2632 2012 2694 jace-

592 2707 673 2755 bat
687 2745 701 2766 ,
729 2720 960 2774 soporatae
983 2710 1185 2758 similem
1206 2720 1558 2774 superponunt.
1581 2708 1653 2755 lbi
1673 2726 1834 2757 coram
1851 2709 2010 2755 omni-

591 2784 704 2844 bus,
730 2788 810 2852 qui
835 2788 972 2851 liujus
991 2789 1207 2836 miraculi
1233 2787 1555 2852 conspiciendi
1581 2788 1729 2851 gratia
1754 2803 2008 2834 concurre-
