2105 3348
591 314 669 352 340
892 309 1131 348 HISTORIA
1162 307 1586 356 TRANSLATIONIS,
1616 323 1695 347 mc.

588 390 829 438 nientihus
864 389 1146 435 Sanctorum
1180 385 1392 441 meritiS,
1425 403 1586 433 coram
1618 386 1750 433 omni
1783 389 1999 435 multitu-

585 467 714 522 dine,
743 463 1006 511 illuminata
1027 472 1113 510 est.
1138 461 1320 522 Quarto
1340 462 1443 508 idus
1460 462 1588 526 julii,
1616 479 1737 509 caeca
1761 463 1996 527 quaedam,

586 541 781 588 nominc
805 539 963 605 Alagia
979 576 992 596 ,
1019 557 1129 604 quae
1154 537 1338 585 duobus
1365 537 1464 586 fere
1492 539 1628 585 annis
1653 539 1756 585 visu
1785 538 1996 596 carebat,

584 621 708 665 intra
745 635 870 664 sacra
914 617 1164 663 missarum
1206 616 1434 664 solemnia
1453 652 1470 676 ‚
1509 614 1877 680 suffragantibus
1911 616 1999 663 sibi

581 697 866 742 Sanctorum
896 694 1142 759 precibus,
1172 712 1196 740 a
1220 694 1430 742 Domino
1457 695 1566 742 Jesu
1598 693 1789 741 Christo
1817 694 2001 741 illumi—

580 783 687 821 nata
708 785 793 821 est.
816 773 993 820 Eadem
1010 773 1085 820 die
1104 790 1255 819 caecus
1274 772 1467 837 quidam
1486 771 1618 819 valde
1634 789 1793 828 senex,
1815 771 1872 819 de
1889 771 2000 818 villa

577 850 838 906 Gauliacas,
856 850 1228 899 Ermenwardus
1243 849 1496 908 vocabulo,
1511 850 1592 915 qui
1612 850 1749 897 annis
1767 859 2001 914 quatuor-

576 929 729 976 decim
765 928 885 975 nihil
917 928 1076 975 videre
1109 929 1302 992 potuit,
1340 928 1396 974 ad
1433 929 1760 992 vespertinum
1793 927 2000 973 officium

577 1007 818 1054 ecclesiam
843 1007 1077 1070 ingressus
1099 1005 1261 1054 beatos
1285 1007 1518 1071 Martyres
1544 1005 1808 1061 invocavit,
1835 1023 1887 1051 ac
1912 1014 1999 1051 sta-

578 1086 662 1131 tim
685 1084 895 1131 caecitate
914 1083 1104 1148 depulsa
1118 1120 1130 1140 ‚
1150 1084 1232 1131 diu
1251 1084 1560 1132 desideratam
1581 1084 1760 1140 lucem,
1782 1084 1997 1131 Domino

575 1163 822 1226 adjuvante
837 1198 847 1218 ,
878 1162 1071 1225 recepit.

640 1482 720 1526 75.
743 1479 956 1543 Septimo
974 1477 1193 1525 kalendas
1210 1481 1422 1543 augusti,
1442 1479 1596 1543 puella
1614 1478 1832 1543 quaedam
1844 1513 1858 1536 ‚
1885 1495 1994 1543 quae

574 1553 633 1600 ab
654 1554 904 1602 immundo
923 1555 1096 1619 spiritu
1123 1555 1400 1614 vexabatur,
1432 1556 1479 1602 in
1504 1555 1743 1602 basilicam
1766 1555 1963 1602 adducta
1978 1591 1991 1611 ,

573 1633 688 1679 dum
712 1650 856 1680 sacrae
883 1632 1141 1680 oblationis
1169 1633 1378 1681 officium
1402 1632 1688 1692 celebratur,
1715 1650 1802 1697 per
1832 1633 1994 1678 virtu-

576 1722 672 1759 tem
709 1710 885 1757 Christi
922 1721 970 1758 ct
1007 1711 1175 1758 merita
1208 1710 1460 1758 beatorum
1492 1712 1791 1776 Martyrum,
1829 1709 1993 1775 fugato

572 1788 816 1845 daemone,
841 1788 1197 1852 integerrimam
1222 1788 1395 1835 mentis
1418 1799 1465 1836 et
1485 1787 1702 1852 corporis
1722 1787 1899 1834 meruit
1918 1804 1992 1834 re-

571 1866 727 1930 cipere
748 1866 1213 1913 sanitatem—Haec
1234 1876 1346 1912 sunt
1370 1867 1596 1912 miracula
1620 1876 1763 1931 atque
1790 1865 1992 1912 virtutes

570 1959 684 2007 quas
703 1942 937 1989 Dominus
960 1951 1124 1989 noster
1141 1943 1273 1989 Jesus
1293 1941 1527 1999 Christus,
1554 1959 1641 2006 per
1659 1942 1829 1988 merita
1852 1958 1991 1987 sanc-

570 2029 730 2065 torum
752 2028 1021 2084 martyrum
1039 2037 1238 2067 suorum
1257 2020 1523 2067 Marcellini
1554 2030 1601 2067 et
1631 2019 1786 2076 Petri,
1815 2019 1865 2066 in
1885 2018 1991 2065 vico

569 2096 888 2154 valentianas,
907 2096 963 2144 ad
980 2097 1178 2145 salutem
1199 2098 1394 2144 humani
1409 2098 1613 2163 generis,
1628 2097 1813 2161 operari
1826 2096 1991 2162 digna-

569 2186 643 2220 tus
682 2185 751 2222 est
782 2195 792 2220 ε
827 2192 935 2241 quae
972 2187 1267 2224 memoratus
1300 2176 1534 2241 Georgius
1570 2175 1822 2241 presbyter
1853 2173 1987 2221 brevi

569 2250 733 2298 libello
773 2251 967 2299 collecta
1005 2252 1148 2300 nobis
1185 2253 1379 2301 mittere
1419 2254 1603 2300 curavit
1621 2288 1634 2308 ,
1675 2262 1722 2300 et
1752 2268 1840 2299 nos
1876 2251 1989 2298 huic

568 2328 701 2391 operi
727 2338 895 2375 nostro
928 2330 1196 2376 censuimus
1227 2330 1492 2377 inserenda.
1532 2330 1620 2376 Hic
1654 2340 1723 2377 est
1754 2329 1988 2394 Georgius

566 2404 848 2460 Veneticus,
868 2405 948 2468 qui
969 2404 1026 2452 de
1044 2405 1195 2468 patria
1215 2423 1295 2452 sua
1318 2406 1374 2452 ad
1400 2407 1738 2470 imperatorem
1755 2407 1916 2465 venit,
1939 2415 1987 2453 et

569 2482 615 2527 in
641 2481 851 2546 Aquensi
867 2481 1051 2546 ‘palatio
1075 2500 1308 2548 organum
1326 2519 1339 2540 ‚
1363 2484 1491 2548 quod
1524 2502 1679 2549 graece
1711 2483 1984 2548 hydraulica

565 2569 780 2614 vocatur,
808 2559 1008 2606 mirifica
1038 2570 1137 2606 arte
1166 2562 1451 2625 composuit.
1625 2567 1632 2573 ‘
