2105 3348
517 274 567 309 22
942 272 1195 311 EINHARDI
1230 272 1500 311 EPISTOLAE.

515 346 889 393 retributionem
907 346 995 392 nisi
1016 347 1274 393 amicitiam
1289 347 1308 410 (
1321 348 1362 410 i)
1381 358 1529 394 tuam.
1551 348 1618 395 De
1632 350 1785 414 Jopila
1798 366 1929 406 vero,

515 424 705 488 quando
727 422 920 468 insimul
941 422 1171 470 fuerimus
1190 424 1335 472 locuti
1343 426 1503 488 ‚juxta
1522 426 1653 490 quod
1672 437 1788 473 tunc
1807 427 1933 473 inter

515 517 602 547 nos
624 499 930 556 convenerit,
953 499 1106 548 facere
1122 512 1310 566 paratus
1330 519 1433 548 sum
1459 523 1469 548 ε
1491 512 1538 550 et
1558 503 1661 551 ideo
1682 503 1768 550 tibi
1788 504 1933 552 modo

514 578 648 641 plura
670 594 754 640 per
778 577 959 624 litteras
979 595 1103 625 meas
1129 580 1337 627 indicare
1368 597 1467 627 non
1493 598 1702 645 possum.
1730 582 1856 646 Opto
1879 593 1935 628 ut

516 671 700 718 semper
722 653 845 701 bene
868 655 1016 702 valeas
1043 657 1092 702 in
1116 658 1341 704 Domino.

652 967 763 1005 XIV.
797 970 863 1006 AD
895 969 1251 1009 GERWARDUM
1282 969 1788 1010 BIBLIOTHECARIUM.

576 1072 896 1120 Dilectissimo
922 1073 1058 1120 fratri
1085 1073 1365 1132 Gerwardo,
1394 1074 1665 1121 Einhardus
1688 1074 1936 1138 sempiter-

513 1166 624 1196 nam
650 1150 698 1196 in
718 1150 929 1199 Domino
952 1151 1168 1198 salutem.
1199 1180 1264 1188 -
1289 1150 1499 1198 Dubium
1528 1151 1646 1198 mihi
1678 1161 1747 1198 est
1771 1161 1938 1197 utrum

511 1227 568 1274 de
589 1236 635 1273 te
657 1228 834 1274 sentire
857 1226 1078 1284 debeam,
1111 1228 1243 1293 quod
1265 1239 1348 1275 aut
1374 1229 1555 1277 litteras
1584 1246 1708 1276 meas
1732 1246 1831 1277 non
1863 1229 1940 1275 in-

515 1304 798 1363 tellexisses,
836 1317 919 1352 aut
953 1306 1011 1353 de
1047 1307 1261 1370 periculo
1296 1324 1405 1356 meo
1436 1325 1538 1356 non
1573 1306 1815 1355 curasses?
1848 1306 1939 1355 Sed

513 1381 698 1429 facilius
718 1383 766 1429 in
784 1399 895 1429 eum
913 1400 1102 1430 sensum
1119 1382 1330 1432 adducor
1346 1385 1422 1448 (2)
1442 1396 1497 1431 ut
1514 1384 1724 1432 arbitrer
1739 1395 1941 1450 propter

513 1460 691 1526 aliquas
711 1462 1050 1527 occupationes
1067 1463 1239 1527 scripta
1265 1481 1366 1511 mea
1386 1481 1411 1510 a
1433 1474 1478 1511 te
1500 1481 1670 1528 parum
1687 1463 1941 1529 diligenter

514 1540 634 1587 lecta
664 1550 711 1587 et
742 1540 980 1588 intellecta
1010 1541 1177 1599 fuisse,
1207 1560 1352 1606 quam
1385 1552 1440 1588 ut
1473 1542 1662 1590 credam
1695 1543 1941 1589 caritatem

512 1630 645 1665 tuam
680 1620 959 1667 comminati
995 1619 1113 1666 mihi
1147 1621 1346 1685 periculi
1381 1638 1545 1667 curam
1572 1638 1673 1669 non
1703 1619 1937 1668 habuisse.

516 1698 734 1744 Hortaris
756 1698 911 1755 enim,
946 1699 1095 1747 immo
1121 1698 1376 1747 consilium
1400 1699 1506 1757 das,
1540 1709 1620 1756 ut,
1657 1699 1840 1746 omissis
1869 1699 1941 1763 (ὅ)

516 1774 790 1839 Martyrum
807 1773 1045 1834 excubiis,
1067 1775 1244 1842 quibus
1263 1776 1589 1824 indesinenter
1608 1776 1763 1824 adesse
1795 1785 1841 1823 et
1867 1776 1940 1822 in·

516 1864 687 1901 teresse
699 1855 856 1917 jussus
878 1871 984 1901 sum
998 1890 1012 1911 ,
1034 1854 1265 1919 palatium
1282 1865 1465 1920 petam;
1491 1871 1603 1901 curn
1623 1854 1741 1901 mihi
1761 1863 1942 1918 septem

515 1931 702 1979 dierum
726 1931 940 1980 absentia
972 1933 1177 1998 poenalis
1209 1933 1373 1981 futura
1403 1933 1682 1981 denuntiata
1709 1933 1770 1980 sit
1796 1953 1806 1979 :
1833 1949 1943 1997 quae

516 2027 618 2058 non
641 2010 798 2060 solum
819 2012 869 2059 in
895 2029 1027 2060 mora
1054 2013 1103 2059 in
1127 2013 1304 2078 palatio
1329 2012 1571 2071 facienda,
1601 2011 1680 2059 sed
1709 2029 1769 2059 ne
1790 2012 1840 2058 in
1866 2011 1943 2058 iti-

516 2106 655 2147 nere,
677 2089 809 2154 quod
827 2089 885 2136 ad
903 2091 1132 2155 palatium
1154 2090 1451 2156 pergendum
1471 2102 1563 2148 est,
1588 2090 1741 2138 caveri
1759 2098 1940 2154 potest,

517 2167 786 2231 praesertim
819 2185 843 2214 a
878 2186 955 2216 me
987 2169 1096 2234 qui,
1134 2180 1231 2216 tam
1260 2178 1461 2234 propter
1492 2169 1582 2216 viae
1617 2167 1944 2215 difficultatem

516 2260 661 2309 quam
681 2245 899 2310 corporis
921 2244 1208 2293 imbecillam
1225 2246 1550 2294 valetudinem
1566 2246 1639 2310 (4)
1654 2282 1668 2303 ‚
1688 2262 1799 2293 raro
1821 2244 1944 2292 cele-

518 2322 618 2369 rius
642 2339 791 2387 quam
824 2333 1004 2389 septem
1031 2324 1219 2372 dierum
1246 2326 1399 2390 spatio
1429 2325 1487 2372 de
1509 2323 1659 2390 Aquis
1686 2323 1743 2371 ad
1765 2324 1945 2388 Marty-

518 2417 627 2447 rum
645 2400 812 2447 limina
828 2402 965 2466 potui
988 2404 1256 2467 pervenire.
1287 2403 1376 2451 Sed
1390 2405 1489 2468 jam
1510 2420 1644 2449 nunc
1663 2419 1782 2468 rogo
1802 2411 1945 2467 atque

566 2613 577 2653 (
586 2612 617 2656 ι)
643 2610 736 2646 Cod.
757 2613 970 2646 amiciciam.

562 2670 614 2714 (2)
639 2669 698 2704 Sic
718 2668 852 2711 codex3
873 2669 962 2704 edit.
985 2669 1169 2705 adducat·-

563 2727 612 2773 (3)
638 2727 732 2763 Cod.
754 2730 889 2763 omisis.

564 2788 613 2829 (4)
641 2786 732 2821 Cod.
755 2786 1014 2822 valitudinem.
