2105 3348
634 290 705 328 1:38
1053 280 1306 319 ElNHARDI
1337 279 1603 318 EPISTOLAE.

632 368 678 412 in
714 372 939 428 potestate
975 359 1158 414 habuit,
1198 376 1350 423 neque
1386 359 1639 422 praescivit.
1680 360 1838 407 Metiri
1874 371 2027 409 tamen

630 458 762 506 posse
784 438 969 484 videtur
992 437 1170 484 doloris
1193 454 1244 482 ac
1268 436 1491 483 moeroris
1510 437 1787 501 magnitudo
1813 439 1908 486 sive
1932 440 2032 486 ‹lin-

631 518 830 563 turnitas
850 516 906 561 de
924 532 1108 571 eorum,
1132 531 1237 578 quae
1261 513 1553 570 acciderunt,
1580 514 1865 563 damnorum
1887 536 2032 582 qnan-

631 596 761 641 titate
782 613 790 639 :
821 610 928 657 quae
961 609 1047 656 ego
1084 609 1190 638 cum
1223 590 1438 655 quotidie
1477 592 1524 638 in
1563 594 1696 639 omni
1735 595 1944 651 actione,
1985 596 2030 641 in

628 672 758 719 omni
792 671 985 737 negotio
1005 708 1014 722 ,
1048 672 1094 717 in
1120 680 1214 718 tota
1240 669 1407 716 domus
1431 688 1483 716 ac
1507 670 1701 718 familiae
1731 671 2035 718 administra-

631 749 789 807 tione,
816 749 863 794 in
889 748 1094 803 cunctis,
1121 764 1227 812 quae
1251 746 1323 793 vel
1344 746 1397 792 ad
1425 746 1642 794 divinum
1672 749 1745 795 vel
1774 749 2034 795 humanum

629 825 835 871 officium
874 825 1117 887 pertinent
1140 858 1152 878 ‚
1192 822 1497 886 disponendis
1537 835 1679 889 atque
1724 825 2000 872 ordinandis
2023 861 2033 879 ‚

634 902 904 947 immaniter
927 901 1148 956 sentiam3
1177 901 1257 964 qui
1284 899 1384 946 fieri
1409 912 1565 964 potest
1581 938 1591 957 ‚
1613 913 1667 947 ut
1690 902 1885 958 vulnus,
1908 902 2037 967 quod

634 990 706 1026 tot
724 997 775 1025 ac
799 989 924 1025 tanta
946 978 1243 1024 incommoda
1263 978 1453 1034 intulit,
1480 996 1588 1025 cum
1614 979 1784 1027 crebro
1807 980 2035 1043 tangitur,

635 1074 732 1103 non
758 1055 1049 1103 recrudescat
1082 1056 1240 1120 potius
1273 1066 1320 1103 et
1351 1067 1627 1112 renovetur,
1656 1074 1800 1122 quam
1833 1067 2039 1103 sanescat

634 1145 714 1181 aut
738 1133 997 1181 solidetur?
1014 1133 1238 1181 Arbitror
1263 1135 1468 1182 enim—
1486 1152 1574 1182 nec
1597 1152 1764 1182 vereor
1790 1135 1920 1200 quod
1941 1134 2040 1181 haee

635 1214 798 1277 opinio
814 1213 979 1259 falsum
992 1230 1066 1260 me
1090 1212 1256 1260 habeat
1275 1242 1338 1250 ——
1352 1213 1479 1260 hunc
1493 1214 1710 1261 dolorem
1727 1224 1869 1278 atque
1883 1213 2040 1260 anxie-

637 1302 776 1338 tatem
793 1328 805 1348 ,
822 1309 929 1357 quae
949 1291 1065 1338 mihi
1083 1292 1140 1339 de
1155 1292 1406 1340 carissimae
1424 1291 1780 1340 contubernalis
1796 1292 2042 1340 occasione

635 1379 795 1416 exorta
816 1379 884 1416 est
897 1405 910 1427 ‚
937 1370 1212 1434 perenniter
1235 1389 1423 1418 mecum
1441 1381 1848 1436 perseveraturam
1862 1406 1873 1426 ,
1891 1370 2042 1416 donec

637 1444 682 1490 id
709 1446 859 1509 ipsum
887 1449 1115 1510 temporis
1139 1448 1370 1511 spatium,
1396 1448 1527 1513 quod
1551 1450 1674 1495 Deus
1699 1447 1814 1493 mihi
1841 1445 1898 1492 ad
1923 1446 2043 1492 hanc.

635 1523 851 1569 miseram
884 1542 935 1570 ac
974 1525 1282 1588 temporalem
1326 1526 1472 1572 vitam
1508 1525 1766 1573 concedere
1798 1524 2008 1570 voluerit
2029 1560 2040 1580 ‚

634 1599 796 1649 debito
824 1602 909 1648 sibi
938 1603 1146 1650 termino
1171 1603 1382 1650 finiatur.
1414 1603 1566 1664 Quam
1594 1613 1752 1649 tamen
1780 1601 2044 1667 proficuam

639 1679 792 1741 potius
809 1679 923 1727 mihi
943 1698 1088 1746 quam
1105 1682 1298 1729 noxiam
1315 1682 1541 1729 hactenus
1562 1681 1798 1745 experior,
1821 1698 1927 1726 cum
1949 1680 2047 1726 ani-

637 1773 785 1813 mum,
814 1756 868 1803 ad
896 1757 998 1804 laeta
1024 1768 1070 1805 et
1092 1776 1314 1823 prospera
1340 1758 1674 1817 festinantem,
1702 1758 1829 1804 velut
1853 1756 2048 1822 quibus-

637 1832 742 1879 dam
767 1833 914 1881 frenis
937 1846 1076 1900 atque
1097 1834 1291 1884 habenis
1313 1846 1584 1883 remoratur
1605 1853 1656 1881 ac
1679 1835 1880 1891 retinet,
1908 1852 2047 1881 men-

641 1921 826 1976 temque
844 1913 900 1958 ad
916 1915 1266 1962 revocationem
1282 1916 1451 1962 mortis
1465 1924 1675 1971 revocet,
1690 1931 1831 1979 quam
1848 1913 1905 1959 ad
1918 1931 2049 1977 spem

638 1999 684 2035 et
699 2008 907 2038 amorem
923 1992 1238 2058 longaevitatis
1254 1993 1420 2041 odium
1437 2003 1578 2058 atque
1594 1991 1776 2039 oblivio
1794 1992 2048 2038 senectutis

638 2066 863 2115 illexerat.
890 2069 1044 2118 Video
1067 2070 1182 2117 mihi
1205 2089 1303 2118 non
1324 2071 1533 2117 multum
1557 2087 1795 2134 superesse
1823 2070 2049 2133 temporis

640 2144 696 2190 ad
711 2146 984 2203 vivendum3
1008 2148 1115 2196 licet
1131 2161 1365 2214 quantum
1385 2149 1431 2195 id
1450 2165 1545 2195 esse
1564 2147 1731 2195 debeat
1746 2183 1757 2203 ,
1781 2145 1896 2192 mihi
1917 2147 2050 2211 peni-

643 2231 717 2267 tus
749 2223 1013 2287 ignoretur.
1039 2226 1127 2273 Sed
1150 2226 1239 2274 hoc
1263 2226 1579 2274 certissimum
1605 2236 1773 2281 teneo,
1804 2234 1853 2270 et
1884 2241 2047 2270 recens

642 2309 805 2345 natum
831 2301 926 2349 cito
948 2320 1082 2366 posse
1102 2307 1222 2353 mori
1247 2316 1294 2352 et
1311 2322 1468 2352 senem
1493 2303 1573 2351 diu
1596 2320 1694 2350 non
1715 2319 1849 2366 posse
1870 2302 2043 2348 vivere.

643 2375 710 2422 Ac
728 2379 928 2440 proinde
952 2380 1089 2445 longe
1112 2383 1274 2429 utilius
1303 2401 1354 2429 ac
1375 2382 1557 2430 beatius
1581 2381 1684 2428 fore
1708 2397 1876 2427 censeo
1902 2381 2046 2444 ipsam

644 2456 869 2517 temporis
894 2457 1067 2504 incerti
1091 2458 1371 2508 brevitatem
1401 2477 1509 2505 cum
1544 2459 1678 2505 luctu
1710 2476 1855 2523 quam
1883 2457 2048 2505 laetitia

643 2530 831 2577 ducere.
861 2531 979 2591 Quia
1007 2534 1068 2588 si,
1104 2538 1362 2584 secundum
1388 2536 1689 2585 Dominicam
1707 2552 1898 2591 vocem,
1927 2533 2048 2581 beati

642 2627 692 2655 ac
713 2609 866 2657 felices
892 2622 1035 2657 erunt
1057 2617 1137 2676 qui
1163 2613 1484 2661 lamentantur
1505 2625 1552 2662 et
1578 2614 1744 2678 lugent
1768 2614 1865 2675 <¹);
1888 2630 1912 2660 e
1931 2630 2050 2660 con—

690 2788 735 2819 (lx
761 2788 814 2820 Cf.
839 2789 967 2823 walth.
991 2804 1020 2831 v,
1045 2788 1063 2820 ζ’)
1085 2789 1291 2835 (Vulgat.)
