2105 3348
607 298 682 336 158
1000 293 1062 328 AD
1096 289 1349 327 EINHARDI
1381 289 1646 329 EPISTOLAS

605 368 668 410 dis
688 364 908 424 impeditas
931 372 971 404 et
996 361 1222 419 implicitas
1242 376 1289 402 ac
1308 359 1488 402 modicis
1512 360 1722 403 absolutas
1745 362 1889 419 spatiis
1913 378 2009 404 sen-

607 444 754 488 tentias
776 440 996 483 inveniens
1012 472 1021 490 ,
1049 437 1268 497 amplexus
1287 453 1395 479 sum.
1420 437 1567 496 Quare
1591 453 1687 479 cum
1704 449 1745 481 et
1761 448 1857 481 ante
1880 455 2012 498 prop-

606 532 667 563 ter
689 518 933 577 opinionem
951 525 1148 566 vestram,
1171 530 1298 573 quam
1317 515 1504 573 sapiente
1532 514 1623 556 viro
1643 513 1816 571 dignam
1838 516 2013 558 imbibe-

606 619 693 644 ram
713 635 722 653 ,
760 611 849 642 tum
887 600 1098 658 praecipuc
1144 608 1317 657 propter
1362 608 1578 657 expertam
1623 598 1730 640 mihi
1765 599 1878 642 illius
1916 600 2014 642 libri

603 677 873 729 facundiam,
896 675 1133 718 desideravi
1155 675 1355 734 deinceps
1379 675 1565 733 aliquam
1592 676 1781 718 nancisci
1806 686 2015 734 opportu-

606 756 781 797 nitatem
801 788 811 807 ,
844 764 891 796 ut
924 770 998 795 vos
1021 762 1242 812 praesentes
1265 752 1428 811 alloqui
1451 768 1640 811 possem,
1672 761 1718 794 ut
1740 752 2017 810 quemadmo-

605 831 708 874 dum
739 847 813 874 vos
842 846 945 874 meze
969 831 1166 889 parvitati
1189 840 1326 872 vestra
1358 839 1448 871 tum
1483 828 1672 888 probitas
1701 839 1791 871 tum
1815 829 2017 887 sapientia

602 908 762 951 fecerat
791 908 950 959 claros,
982 908 1037 949 ita
1065 923 1132 949 me
1159 917 1304 950 vestrfe
1336 907 1586 949 sublimitati
1613 923 1733 949 meus
1762 908 1888 949 etiam
1917 922 2018 964 erga

606 1003 679 1029 vos
701 1001 822 1028 amor
844 995 884 1027 et
906 1001 1007 1043 erga
1031 984 1276 1043 disciplinas
1303 984 1492 1027 studium
1516 984 1850 1027 commendaret.
1870 984 2017 1042 Neque

605 1079 705 1106 vero
721 1063 764 1105 id
779 1073 925 1121 optare
948 1062 1162 1114 desistam,
1183 1062 1390 1120 quamdiu
1408 1063 1496 1121 ipse
1519 1062 1756 1105 incolumes
1773 1063 1816 1104 in
1835 1062 1915 1104 hac
1934 1063 2019 1105 vita

606 1155 680 1182 vos
711 1155 797 1181 esse
827 1154 1095 1196 cognovero,
1122 1139 1238 1197 quod
1270 1155 1390 1198 posse
1421 1140 1671 1197 contingere
1700 1140 1783 1182 hoc
1817 1141 1951 1197 magis
1972 1141 2016 1182 in

605 1233 720 1276 spem
739 1216 890 1269 ducor,
911 1232 997 1274 quo
1013 1232 1063 1258 ex
1072 1216 1210 1259 Gallia
1227 1217 1366 1259 hucin
1383 1217 1763 1259 Transrhenanam
1779 1216 2018 1259 concedens

605 1296 852 1353 regionem,
876 1293 996 1336 vobis
1017 1295 1200 1337 vicinior
1230 1294 1368 1337 factus
1390 1311 1498 1338 sum.
1526 1296 1634 1337 Nam
1662 1311 1686 1337 a
1718 1294 1893 1354 praefato
1923 1296 2017 1354 epi-

605 1389 732 1431 scopo
758 1372 811 1414 ad
836 1371 1123 1414 venerabilem
1144 1373 1395 1415 Hrabanum
1427 1373 1613 1417 directus
1642 1390 1734 1416 sum
1754 1407 1763 1425 ,
1796 1374 1858 1416 uti
1886 1373 1939 1415 ab
1966 1389 2016 1416 eo

604 1453 842 1508 ingressum
865 1465 1060 1508 caperem
1084 1449 1328 1493 divinarum
1347 1452 1672 1510 scripturarum.
1696 1452 1810 1509 Ergo
1841 1467 1939 1493 cum
1963 1450 2015 1492 ad

603 1544 676 1570 vos
701 1528 860 1570 iturum
882 1527 984 1569 hinc
1012 1527 1105 1584 ejus
1130 1529 1338 1571 nuncium
1366 1529 1664 1587 comperissem
1680 1562 1690 1581 ,
1717 1530 1856 1588 primo
1886 1544 2016 1587 quas—

603 1605 700 1648 dam
723 1604 950 1647 verborum
976 1603 1271 1657 obscuritates,
1293 1621 1316 1647 a
1336 1605 1457 1647 vobis
1481 1607 1543 1648 uti
1566 1606 2016 1657 elucidarentur,mit—-

601 1682 748 1725 tendas
768 1682 998 1740 proposui,
1028 1681 1182 1724 deinde
1205 1693 1403 1741 praestare
1427 1684 1564 1725 visum
1586 1693 1668 1735 est,
1691 1694 1738 1726 ut
1759 1684 1885 1726 etiam
1904 1684 2016 1725 hanc

601 1760 822 1819 epistolam
858 1759 1044 1817 dirigere
1086 1759 1357 1814 debuissem,
1392 1778 1486 1820 quae
1520 1763 1554 1804 si
1587 1778 1609 1803 a
1635 1761 1755 1804 vobis
1788 1761 2017 1819 dignanter

602 1847 773 1895 accepta
793 1836 948 1889 suerit,
977 1838 1209 1897 exoptabili
1231 1855 1298 1881 me
1321 1839 1523 1881 affectum
1549 1855 1727 1882 munere
1751 1838 2013 1898 gratulabor.

601 1913 683 1956 Sed
703 1914 832 1956 semel
854 1913 1030 1972 pudoris
1048 1925 1334 1972 transgressus
1354 1916 1532 1959 limitem
1547 1950 1556 1968 ,
1579 1917 1707 1959 etiam
1723 1917 1807 1959 hoc
1827 1915 2012 1975 postulo,

600 2002 647 2034 ut
666 1990 873 2049 quosdam
897 1990 1108 2033 librorum
1132 2001 1369 2034 vestrorum
1392 1994 1500 2035 mihi
1516 1994 1587 2035 hic
1608 1994 1746 2052 posito
1771 1991 2016 2035 commode-

601 2069 676 2118 tis,
698 2083 945 2126 quanquam
969 2067 1105 2110 multo
1131 2068 1184 2110 sit
1210 2069 1353 2112 minus
1374 2069 1506 2112 libros
1528 2087 1657 2129 quam
1679 2070 1912 2113 amicitiam
1936 2069 2013 2111 ssa-

602 2143 751 2200 gitare.
769 2143 878 2186 Sunt
903 2154 1045 2187 autem
1063 2145 1109 2186 hi
1127 2144 1264 2187 Tullii
1280 2147 1334 2188 de
1348 2146 1586 2189 Rhetorica
1602 2146 1711 2189 liber
1731 2164 1740 2189 :
1765 2161 1893 2204 quem
1913 2145 2013 2204 qui-

602 2219 698 2261 dem
720 2219 880 2273 habeo,
900 2220 973 2263 sed
991 2222 1034 2263 in
1057 2221 1271 2281 plerisque
1293 2222 1562 2267 mendosum.
1589 2222 1731 2276 Quare
1748 2238 1846 2265 cum
1865 2221 2014 2264 codice

603 2297 695 2339 istic
731 2308 897 2356 reperto
929 2297 1052 2341 illum
1085 2300 1272 2355 contuli,
1302 2310 1344 2343 et
1375 2317 1503 2360 quem
1532 2302 1756 2344 certiorem
1784 2301 2010 2360 putabam,

601 2372 916 2416 mendosiorem
944 2375 1105 2418 inveni.
1135 2377 1241 2420 Item
1273 2378 1465 2436 ejusdem
1492 2379 1679 2422 auctoris
1703 2380 1757 2421 de
1778 2379 2014 2421 Rhetorica

602 2460 685 2493 tres
702 2450 825 2503 libri,
846 2452 888 2493 in
908 2451 1194 2511 disputatione
1216 2472 1265 2499 ac
1289 2456 1463 2515 dialogo
1487 2458 1542 2500 de
1569 2457 1771 2500 Oratore.
1798 2456 1923 2515 Quos
1938 2471 2013 2498 vos

602 2527 757 2571 habere
783 2529 985 2582 arbitror,
1019 2542 1242 2590 propterea
1265 2534 1382 2593 quod
1412 2535 1455 2577 in
1483 2534 1603 2578 brevi
1624 2535 1893 2577 voluminum
1916 2550 2012 2577 ves-

601 2616 784 2660 trorum,
804 2617 899 2666 post
914 2613 1364 2655 commemorationem
1382 2612 1483 2655 libri
1499 2615 1561 2655 ad
1575 2613 1868 2664 Herennium,
1887 2614 2013 2654 inter-

600 2684 746 2740 positis
763 2685 1018 2743 quibusdam
1033 2685 1143 2739 aliis,
1164 2690 1369 2747 scriptum
1389 2692 1528 2750 reperi
1546 2709 1554 2733 :
1585 2689 1798 2732 Ciceronis
1817 2689 1871 2730 de
1886 2688 2008 2731 Rlze-

602 2762 751 2801 tor-ica.
778 2761 882 2803 Item
901 2795 911 2813 ,
951 2762 1229 2819 Explanatio
1269 2768 1311 2808 in
1336 2766 1466 2811 libros
1504 2767 1734 2811 Ciceronis.
1774 2767 2006 2818 Praeterea,
