2105 3348
533 297 607 334 408
921 292 1143 330 RHYTHM
1153 291 1209 329 US
1234 290 1298 327 DE
1324 291 1558 329 PASSIONE

535 385 651 424 Saxis
673 380 797 422 simul
818 390 942 436 atque
965 379 1130 434 magnis
1153 394 1376 420 arenarum
1395 380 1458 435 (1)
1485 379 1689 420 molibus.

599 463 663 501 13.
701 460 813 499 Tum
837 457 979 498 beatos
1002 466 1224 498 assertores
1247 456 1433 498 veritatis
1455 455 1631 513 alligant

534 534 830 577 Marcellinum
855 543 980 590 atque
1001 533 1173 574 Petrum
1191 566 1200 583 ‚
1227 532 1372 574 avidos
1392 534 1612 590 martyrii3

530 613 859 668 Annectuntque
882 619 1097 651 catenatos
1119 609 1322 651 arborum
1347 608 1582 667 stipitibus,

530 689 676 729 Donec
702 696 808 729 tetro
835 686 1081 728 nuntiarent
1105 695 1415 728 tormentorum
1439 685 1599 727 arbitro
1612 688 1697 742 (2)

530 767 669 822 Atque
692 765 781 822 ipso
806 763 1114 822 comperirent,
1136 763 1389 806 decernente
1408 761 1579 820 judice,

531 842 663 901 Quali
684 851 818 884 morte
841 842 985 899 magni
1007 839 1149 883 forent
1174 839 1454 882 consumendi
1476 849 1696 896 martyres.

532 920 621 977 Qui
645 919 746 961 dum
770 929 923 961 cuncta
947 919 1214 975 cognovisset
1242 927 1356 975 gesta
1381 932 1558 975 quaeque
1580 917 1787 974 jusserat,

528 996 705 1053 Nigram
723 995 844 1053 jubet
869 996 979 1037 intra
1003 995 1150 1037 silvam
1173 1005 1341 1037 sanctos
1362 993 1462 1036 duci
1487 1003 1692 1050 martyres
1708 1027 1717 1045 ‚

528 1074 577 1114 Et
601 1072 708 1114 inibi
735 1071 956 1130 capitalem
981 1087 1129 1130 capere
1152 1071 1417 1113 sententiam.

528 1149 629 1207 Quo
654 1166 751 1191 cum
774 1165 844 1191 eos
863 1148 1133 1190 deduxissent
1152 1148 1393 1190 daemonum
1417 1146 1636 1197 satellites,

525 1226 593 1268 Illi
618 1226 700 1270 laeti
721 1236 761 1268 et
783 1225 942 1268 alacres
964 1224 1269 1283 laudantesque
1289 1225 1525 1266 Dominum
1540 1256 1549 1273 ‚

525 1305 688 1346 Locum
715 1319 798 1346 suae
820 1303 1005 1362 passioni
1028 1302 1255 1361 largiorem
1276 1301 1456 1344 faciunt.

524 1381 630 1421 Nam
654 1389 695 1421 et
717 1380 858 1438 spinas
880 1389 1006 1437 atque
1029 1395 1175 1438 vepres
1198 1378 1434 1421 evellebant
1461 1376 1657 1420 manibus

523 1457 606 1515 Ipsi
631 1458 741 1509 suis,
764 1466 811 1498 ut
835 1455 1060 1515 purgando
1091 1465 1245 1498 terram
1270 1471 1421 1515 puram
1447 1453 1671 1496 redderent
1688 1487 1697 1503 ‚

525 1534 702 1577 Sacrum
725 1544 814 1576 erat
834 1550 928 1592 quae
952 1533 1123 1576 illorum
1147 1543 1374 1592 exceptura
1399 1532 1667 1589 sanguinem.

524 1612 651 1652 Tunc
675 1620 868 1662 orantes,
895 1619 1019 1668 atque
1044 1611 1158 1669 pacis
1181 1610 1261 1651 sibi
1285 1608 1431 1651 dantes
1458 1607 1676 1657 osculum,

523 1687 646 1729 Genu
672 1687 778 1729 flexo
795 1720 805 1739 ,
830 1702 1121 1745 percussorem
1145 1687 1354 1745 patienter
1377 1684 1620 1744 perferunt,

521 1764 583 1805 Ac
604 1764 793 1822 projecta
818 1765 937 1821 gravi
959 1774 1109 1822 petunt
1133 1763 1286 1805 coelum
1309 1763 1448 1805 carnis
1471 1762 1651 1804 sarcina.

522 1841 722 1900 Quorum
748 1843 835 1900 ipse
851 1875 860 1892 ,
885 1842 959 1899 qui
982 1841 1151 1883 eosdem
1177 1857 1355 1899 magnos
1378 1840 1538 1883 Christi
1562 1848 1764 1896 martyres

519 1920 654 1961 Ferro
671 1919 813 1976 jussus
831 1918 1072 1975 jugulavit,
1098 1934 1139 1960 se
1164 1918 1316 1960 vidisse
1333 1917 1469 1960 'fassus
1490 1927 1572 1970 est,

522 1998 672 2039 Carnis
693 1996 845 2039 vinclis
863 1996 1081 2039 absolutos
1102 1997 1288 2040 evolasse
1312 1998 1507 2056 spiritus,

519 2075 679 2116 Forma
699 2075 820 2132 quasi
842 2073 1064 2132 virginali,
1088 2083 1219 2116 tectos
1241 2084 1352 2117 veste
1373 2072 1562 2132 fulgida,

520 2151 638 2192 Auro
656 2166 828 2208 quoque
851 2149 1064 2192 radiantes
1085 2166 1134 2192 ac
1155 2166 1421 2208 gemmarum
1444 2150 1604 2192 lumine
1622 2183 1631 2200 ,

519 2226 784 2283 Angelorum
811 2237 1110 2269 coruscantum
1135 2227 1419 2270 circumdatos
1443 2227 1636 2285 agmine,

519 2302 802 2346 Laetabundos
823 2319 919 2345 cum
943 2304 1147 2345 immensa
1172 2304 1278 2346 lucis
1301 2305 1538 2355 affluentia,

520 2380 656 2437 Supra
682 2388 833 2420 cuncta
856 2379 1117 2436 penetrando
1142 2379 1251 2422 celsa
1273 2380 1424 2422 mundi
1442 2379 1601 2432 sidera,

518 2456 767 2500 Sublevatos
790 2455 841 2497 ad
868 2464 1020 2497 aeterna
1047 2454 1142 2497 coeli
1166 2471 1297 2513 regna
1323 2455 1540 2498 scandere.

581 2536 649 2575 14.
685 2533 790 2575 Duae
809 2531 1001 2590 quaedam
1026 2532 1272 2575 referuntur
1292 2535 1439 2576 Romae
1461 2543 1566 2576 natae
1584 2532 1776 2585 feminee,

564 2723 615 2769 (ι)
641 2722 732 2758 Cod.
753 2721 987 2756 harenarum.

564 2789 614 2831 (2)
641 2786 729 2822 Cod.
751 2786 892 2835 arbitr-i.
