2105 3348
589 258 667 295 306
886 251 1125 288 HISTORIA
1157 248 1582 295 '1'RAN5LA'1'IONIS,
1615 264 1692 287 [Tc.

589 336 784 380 inientes
815 329 1051 376 excitavit.
1086 329 1212 373 Tum
1236 344 1459 392 surgens,
1496 328 1552 373 ad
1581 330 1757 375 ostium
1781 332 1994 385 accessit,

587 412 849 470 fratresque
877 423 1013 462 suos,
1038 406 1119 470 qui
1155 404 1219 451 ibi
1251 404 1574 462 excubabant,
1603 416 1658 452 ut
1684 424 1729 453 se
1753 407 1810 453 ad
1833 409 1999 473 requi-

585 489 668 534 sita
695 495 879 532 naturae
904 483 1028 530 foras
1050 483 1175 530 exire
1199 483 1561 547 permitterent,
1590 484 1792 548 rogavit.
1820 485 1893 530 Illi
1917 503 2001 532 au-

587 576 680 611 tem
700 563 827 609 hunc
849 561 1126 608 insanientis
1145 560 1310 608 dolum
1330 561 1446 618 rati,
1471 577 1772 626 nequaquam
1791 561 1831 608 ei
1852 579 2001 608 assen-

584 644 672 689 tire
710 642 807 686 ausi
846 650 985 695 sunt;
1028 638 1106 686 sed
1141 639 1367 686 accersito
1405 637 1590 703 hospite
1621 655 1732 695 suo,
1769 640 1852 703 qui
1892 656 2001 685 eum

581 719 755 766 ibidem
782 718 1064 775 incluserat,
1094 728 1145 763 ut
1173 735 1283 764 cum
1313 734 1369 764 eo
1400 717 1626 782 loquatur
1658 728 1875 765 exorant.
1907 717 1999 778 Qui

577 808 828 862 postquam
854 813 963 842 cum
987 813 1042 842 eo
1070 796 1257 843 locutus
1288 805 1356 843 est
1375 831 1387 852 ,
1422 804 1564 860 atque
1593 813 1646 842 ex
1677 796 1863 843 ratione
1895 812 2000 841 res-

576 876 869 940 pensionum
891 892 1081 920 suarum
1102 892 1226 920 sanae
1244 874 1418 920 mentis
1438 891 1534 921 esse
1554 873 1815 933 intellexit,
1835 883 2000 938 aperto

577 955 729 1012 ostio,
767 970 865 1019 quo
896 952 1085 999 volebat
1130 953 1197 999 ire
1224 952 1472 1015 permisit3
1508 968 1849 1016 reversumque
1881 952 1998 998 reci-

577 1033 734 1095 pienS,
759 1030 874 1096 quid
897 1030 954 1078 de
974 1030 1203 1088 vinculis,
1225 1030 1400 1095 quibus
1426 1048 1536 1078 eum
1559 1040 1813 1079 oneratum
1840 1030 2001 1077 inclu-

575 1122 712 1165 serat,
733 1109 913 1155 factum
925 1120 1060 1166 esset,
1084 1108 1541 1172 inquisivit.Etille:
1568 1109 1797 1166 «catena,
1821 1108 1998 1173 inquit,

576 1206 666 1253 qua
686 1205 761 1233 me
782 1188 994 1241 vinxisti,
1016 1187 1135 1233 salva
1157 1198 1226 1233 est
1251 1208 1260 1231 z
1286 1197 1333 1233 et
1352 1187 1389 1232 si
1411 1187 1480 1232 vis
1500 1188 1620 1233 scire
1640 1186 1816 1244 ubisit,
1839 1204 2002 1252 quaere

577 1284 678 1312 eam
703 1277 750 1312 et
778 1265 1003 1311 invenies.
1027 1285 1048 1308 »
1068 1263 1281 1311 Accenso
1300 1264 1459 1329 itaque
1486 1264 1686 1321 lumine,
1712 1265 2002 1311 invenerunt

578 1361 677 1390 eam
709 1354 819 1389 ante
853 1343 1055 1398 lectum,
1096 1341 1145 1387 in
1169 1359 1269 1407 quo
1301 1343 1457 1407 ipsum
1481 1343 1727 1406 quiescere
1757 1341 1998 1398 fecerant,

570 1424 834 1486 jacentem,
862 1437 918 1467 eo
945 1419 1089 1466 modo
1115 1420 1456 1483 compositam,
1483 1429 1625 1485 atque
1658 1419 1832 1467 eisdem
1863 1419 2001 1466 nodis

576 1498 849 1544 adstrictam
867 1533 880 1553 ,
907 1495 1082 1561 quibus
1110 1507 1225 1543 tunc
1253 1496 1438 1554 fuerat,
1465 1496 1659 1561 quando
1682 1515 1792 1544 eum
1817 1515 1926 1544 cum
1950 1515 2001 1544 ea

579 1576 627 1620 in
651 1573 818 1621 eodem
839 1573 962 1620 lecto
988 1573 1317 1630 collocarunt,
1345 1590 1397 1620 ac
1421 1573 1575 1621 solum
1602 1574 1650 1620 in
1676 1572 1842 1621 eodem
1864 1573 2002 1620 cubi-

579 1653 688 1700 culo
714 1652 1015 1699 dimiserunt.
1047 1652 1164 1712 Quis
1187 1651 1279 1699 hoc
1304 1652 1466 1699 fecisse
1492 1651 1754 1699 credendus
1780 1663 1874 1709 est,
1910 1653 1998 1699 nisi

581 1730 660 1777 ille
683 1730 764 1794 qui
790 1730 847 1776 de
871 1728 1025 1776 nihilo
1049 1734 1225 1776 creavit
1247 1733 1437 1786 omnia3
1466 1741 1513 1776 et
1534 1731 1617 1795 qui
1646 1731 1696 1776 in
1723 1729 1865 1777 rebus
1887 1748 2003 1795 quas

578 1806 794 1854 condidit
822 1806 927 1852 talia
953 1817 1112 1870 potest
1134 1806 1313 1864 facere,
1341 1823 1449 1871 quae
1474 1823 1561 1852 nec
1587 1806 1834 1853 intellectu
1863 1824 2002 1854 com-

577 1883 833 1949 prehendi,
857 1901 944 1930 nec
966 1883 1184 1930 humanis
1203 1894 1403 1948 possunt
1425 1883 1726 1932 sermonibus
1745 1883 2003 1948 explicari?

579 1961 694 2022 Quis
715 1962 846 2008 enim
867 1971 949 2006 aut
972 1961 1264 2026 cogitatione
1287 1961 1524 2026 conjicere
1539 1998 1552 2018 ,
1576 1972 1658 2008 aut
1677 1962 1835 2009 verbis
1855 1962 2006 2009 valeat

577 2058 825 2095 enarrare,
867 2039 1074 2103 qualiter
1111 2039 1190 2086 ille
1223 2039 1477 2105 presbyter
1512 2039 1585 2086 his
1620 2040 1823 2087 vinculis
1857 2040 2004 2087 fuerit

578 2115 848 2169 absolutus3
886 2132 996 2161 cum
1028 2115 1168 2163 nobis
1195 2117 1509 2163 certissimum
1542 2117 1604 2163 sit
1635 2118 1877 2164 neminem
1909 2135 2004 2165 esse

577 2193 660 2258 qui
693 2210 740 2240 se
773 2193 900 2240 solus
938 2194 1089 2258 possit
1124 2194 1354 2257 ejusmodi
1395 2193 1595 2242 nexibus
1629 2212 1825 2253 exuere,
1867 2195 1904 2240 si
1939 2195 2003 2242 eis

579 2270 726 2317 fuerit
749 2269 892 2316 simili
928 2269 1074 2317 modo
1106 2272 1421 2328 constrictus,
1453 2272 1576 2318 sicut
1603 2271 1725 2318 idem
1751 2271 2007 2337 presbyter

580 2349 699 2405 fuit,
727 2347 920 2412 quando
945 2348 1071 2395 solus
1096 2349 1144 2395 in
1171 2348 1255 2395 illo
1277 2348 1500 2397 cubiculo
1521 2350 1729 2397 inclusus
1752 2348 1852 2397 est?
1868 2352 2002 2397 —Hi

583 2444 692 2475 vero
726 2427 808 2490 qui
843 2443 953 2484 eum
985 2424 1161 2473 ibidem
1200 2426 1513 2484 dimiserunt,
1549 2439 1803 2493 postquam
1827 2429 2003 2476 reversi

578 2522 745 2552 sanum
768 2514 814 2550 et
841 2504 1013 2550 mentis
1041 2521 1093 2550 ac
1117 2505 1361 2552 memoriae
1386 2523 1482 2552 suae
1507 2516 1781 2570 compotem
1815 2506 2005 2554 invene-

577 2591 719 2639 runt,
749 2582 845 2628 laeti
874 2591 920 2627 et
943 2581 1187 2628 laudantes
1206 2582 1382 2639 Deum,
1417 2583 1559 2630 simul
1586 2601 1694 2630 cum
1722 2600 1777 2631 eo
1803 2583 1860 2629 ad
1886 2599 2005 2647 pro-

575 2661 675 2725 pria
700 2660 895 2724 regressi
921 2670 1050 2705 sunt.
1071 2686 1134 2695 —-
1154 2660 1254 2706 Hoc
1293 2660 1352 2706 ita
1392 2673 1604 2726 gestum,
1639 2679 1737 2709 non
1774 2678 2005 2726 quorum-

577 2737 691 2785 libet
713 2736 900 2784 testium
922 2736 1155 2784 relatione
1172 2736 1442 2795 didicimus,
1463 2739 1540 2785 sed
1568 2739 1653 2803 ipsi
1672 2756 1757 2802 per
1772 2756 1873 2796 nos,
1890 2737 1998 2802 quia
