2105 3348
473 250 549 288 4⁴22
903 245 1156 283 ElNHARDI
1190 245 1423 282 CHARTAE.

471 339 523 375 ut
536 345 672 392 quem
682 328 902 390 [cumque
916 325 996 387 ex]
1016 324 1190 370 familia
1207 324 1402 388 propria
1414 323 1487 369 vel
1504 323 1807 371 ecclesiastica
1821 327 1877 372 ad

469 421 620 450 sacros
630 403 816 450 ordines
830 401 1137 467 [promovere]
1155 400 1378 456 voluerit,
1402 401 1450 446 in
1466 401 1713 464 praesentia
1726 418 1877 447 sacer-

468 482 633 528 dotum
665 497 716 525 ac
744 478 1117 536 monachorum,
1152 479 1514 537 canonicorum,
1544 477 1875 543 nobiliumque

468 559 699 611 virorum,
729 556 840 602 civis
861 573 1085 601 romanus
1104 556 1194 620 (ι),
1224 555 1328 618 [sub
1349 555 1655 619 testam]ent·o
1675 555 1874 602 liberta-

470 634 544 687 tis,
569 632 939 679 manumissione
956 631 1159 679 firmiter
1179 631 1454 679 roboretur.
1474 632 1558 696 [Id
1570 634 1708 694 circo]
1726 650 1810 696 ego
1827 633 1878 678 iu

470 712 551 758 Dei
579 711 774 757 nomine
799 710 871 755 Ill.
895 711 1046 774 gratia
1068 711 1153 757 Dei
1173 710 1313 756 abbas
1330 727 1385 756 ex
1405 711 1694 757 monasterio
1719 710 1875 756 eximii

469 788 682 852 praesulis
718 788 792 833 Ill.
841 788 1077 853 quendam
1109 787 1415 834 vernaculum
1454 788 1651 834 nomine
1689 786 1784 843 lll.,
1822 786 1879 833 de

470 867 562 929 ipsa
595 866 743 912 sancti
776 866 851 911 Ill.
890 865 1066 912 familia
1098 876 1348 923 exortum,
1382 876 1435 911 ut
1467 864 1725 921 credimus,
1761 865 1878 910 sacri

469 943 649 990 ordinis
673 943 889 1008 dignum,
919 943 976 989 ad
995 961 1145 991 cornu
1171 944 1329 989 altaris
1353 960 1636 1007 promovere
1659 930 1886 989 volumus=

468 1032 609 1086 atque
629 1021 693 1069 ob
714 1021 804 1068 hoc
829 1040 852 1067 a
870 1022 1061 1067 vinculo
1081 1022 1227 1068 totius
1246 1022 1403 1067 noxiae
1420 1021 1660 1068 servitutis
1678 1020 1734 1066 ad
1754 1037 1880 1084 prae-

470 1116 573 1146 sens
596 1099 882 1146 absolvimus
902 1108 947 1145 et
974 1099 1181 1162 pleniter
1205 1099 1465 1163 ingenuum
1495 1116 1590 1145 esse
1616 1115 1874 1145 censemus.

471 1178 538 1222 Ita
563 1188 616 1222 ut
632 1176 689 1222 ab
707 1176 939 1223 hodierno
964 1176 1038 1222 die
1059 1177 1293 1240 ingenuus
1305 1177 1363 1222 sit
1381 1186 1426 1223 et
1446 1177 1678 1240 ingenuus
1695 1193 1880 1238 perma-

469 1265 600 1310 neat,
628 1264 853 1318 tanquam
875 1255 912 1299 si
933 1253 991 1300 de
1010 1253 1287 1317 parentibus
1305 1252 1427 1300 bene
1450 1253 1693 1300 nobilibus
1717 1253 1882 1299 fuisset

470 1343 744 1395 procreatus
762 1332 835 1378 vel
853 1341 1008 1378 natus.
1035 1332 1272 1379 Peculiare
1297 1331 1490 1396 quidem
1510 1349 1646 1378 suum
1668 1332 1763 1379 sive
1782 1331 1881 1377 col-

471 1408 771 1466 laboratum‚
814 1426 922 1455 cum
957 1408 1181 1456 omnibus
1215 1409 1520 1456 facultatibus
1555 1410 1671 1466 suis,
1709 1409 1883 1473 absque

470 1487 612 1533 ullius
644 1487 842 1535 senioris
876 1488 1241 1544 retractatione,
1283 1487 1372 1534 sibi
1407 1487 1576 1535 habeat
1608 1503 1882 1534 concessum

471 1575 612 1630 atque
630 1564 887 1611 indultum.
910 1566 1035 1612 Civis
1058 1582 1286 1612 romanus
1306 1564 1480 1612 habens
1502 1575 1662 1630 portas
1681 1575 1880 1629 apertas,

471 1642 760 1706 eandemque
778 1652 941 1706 pergat
957 1653 1158 1706 partem,
1178 1661 1527 1708 quamcumque
1540 1642 1784 1708 delegerit,
1801 1641 1882 1687 ubi

471 1718 661 1767 Christo
684 1719 882 1766 domino
911 1721 1152 1778 canonice,
1181 1721 1410 1785 religione
1433 1731 1682 1785 perpetua,
1709 1719 1884 1766 servire

472 1797 636 1859 possit.
673 1798 737 1843 Et
763 1808 814 1843 ut
841 1797 953 1844 haec
982 1798 1236 1845 auctoritas
1268 1799 1401 1846 omni
1432 1809 1648 1862 tempore
1676 1797 1810 1844 firma
1837 1807 1885 1843 et

473 1873 651 1920 stabilis
663 1884 803 1939 atque
819 1875 1095 1921 inconvulsa
1108 1886 1399 1938 permaneat,
1415 1893 1559 1922 manu
1571 1875 1764 1940 propria
1783 1892 1884 1921 eam

473 1950 636 1998 subter
665 1944 981 2009 firmavimus,
1015 1963 1156 2017 atque
1190 1953 1347 2000 fideles
1378 1964 1587 2011 nostros,
1623 1951 1884 1998 sacerdotes

471 2027 690 2076 videlicet
720 2046 772 2074 ac
804 2028 1085 2087 monachos,
1121 2031 1392 2095 pariterque
1421 2031 1674 2078 canonicos
1700 2030 1770 2094 (2)
1805 2046 1882 2075 seu

472 2105 656 2152 nobiles
676 2107 802 2153 viros
819 2108 1038 2154 similiter
1062 2108 1253 2156 firmare
1269 2109 1579 2155 decrevimus.
1609 2109 1783 2155 Actum
1812 2107 1880 2153 ill.

473 2185 762 2229 monasterio
792 2185 950 2230 Sancti
984 2185 1056 2231 lll.
1095 2185 1181 2232 sub
1210 2187 1284 2233 die
1314 2186 1621 2233 kalendarum
1652 2186 1720 2231 ill.
1756 2201 1883 2231 anno

474 2259 547 2304 Ill.
576 2271 803 2324 regnante
828 2262 1049 2325 [Christo
1067 2265 1300 2330 propitio]
1327 2282 1438 2330 rege
1464 2264 1537 2310 lll.
1564 2263 1650 2310 sub
1674 2281 1884 2327 praesen-

471 2485 595 2519 ‹lcvoir
623 2483 655 2518 la
682 2484 839 2531 publier.
869 2486 934 2521 Les
960 2493 1054 2521 mots
1085 2487 1271 2534 imprimes
1295 2499 1340 2521 en
1363 2487 1530 2535 italique,
1563 2494 1666 2522 entre
1690 2487 1877 2527 erochets,

471 2557 551 2585 sont
569 2549 631 2584 des
649 2557 747 2592 muts,
763 2550 904 2586 cnleves
922 2564 986 2598 par
1005 2552 1211 2588 l'luunidite
1231 2552 1319 2588 dans
1342 2551 1382 2587 lc*
1396 2553 1612 2597 manuscrit,
1640 2560 1677 2588 ct
1699 2565 1771 2601 que
1791 2565 1881 2588 nous

469 2626 577 2649 avons
598 2613 778 2648 restitues.

517 2679 567 2724 (1)
592 2677 683 2712 Cod.
708 2680 820 2712 civem
841 2692 1041 2714 romanum.

512 2743 563 2785 (2)
590 2741 679 2777 Cmt.
702 2744 883 2777 camzt‘cm.
