2105 3348
606 297 683 334 ⁴256
901 288 1145 327 HISTORIA
1174 286 1598 333 TRANSLATIONIS‚
1631 302 1711 326 E‘rc.

605 371 842 436 sanguinis
858 404 871 425 ,
897 368 981 433 qui
1016 384 1071 413 ex
1095 383 1178 413 ore
1202 383 1253 411 ac
1284 364 1475 411 naribus
1514 366 1688 413 nimius
1711 366 1979 431 profluebat
1995 403 2007 424 ‚

606 460 722 497 esset
745 465 863 512 pene
894 456 994 493 tota
1030 462 1265 509 respersa,
1294 463 1318 489 a
1350 444 1770 490 circumstantibus
1800 445 2010 502 sublata,

605 540 743 591 atque
776 526 819 570 in
857 522 1065 570 medium
1089 522 1294 569 basilicae
1325 520 1570 586 deportata
1594 532 1679 567 est.
1717 522 1931 586 Cumque
1969 531 2015 568 et

604 605 667 650 ibi
703 601 976 667 aliquandiu
991 601 1237 665 jacuisset,
1265 599 1394 646 velut
1417 598 1473 646 de
1499 599 1629 663 gravi
1650 615 1820 645 somno
1839 615 2014 662 exper-

603 692 728 728 recta
772 679 944 727 resedit
986 700 994 725 :
1036 696 1088 724 ac
1124 678 1293 725 deinde
1330 695 1495 723 manus
1534 677 1603 723 his
1646 678 1729 741 qui
1771 678 2017 723 astiterant

602 760 875 822 porrigens,
921 766 974 802 ut
1019 757 1065 802 in
1106 756 1244 820 pedes
1281 756 1542 819 erigeretur
1560 791 1570 810 ‚
1614 754 1787 821 quibus
1831 766 2017 819 poterat

601 836 798 884 nutibus
823 836 996 883 oravit.
1036 837 1203 881 Erecta
1229 833 1286 880 ad
1319 834 1463 881 altare
1487 833 1736 880 deducitur
1762 854 1771 879 :
1800 832 1881 878 ubi
1907 851 2016 879 cum

603 914 867 961 Ratleicum
900 913 1026 959 inter
1059 912 1174 958 alios
1199 911 1421 969 clericos,
1449 912 1530 977 qui
1558 915 1690 976 juxta
1715 911 1860 958 altare
1894 928 2016 957 con-

603 993 846 1047 stiterant,
870 999 1073 1036 stantem
1097 1008 1149 1036 ac
1173 1008 1218 1036 se
1239 990 1573 1054 respicientem
1597 999 1838 1046 cerneret,
1864 991 2019 1053 proti-

604 1069 751 1115 nusin
775 1066 874 1114 haec
892 1066 1033 1114 verba
1056 1067 1280 1131 prorupit
1302 1088 1311 1112 :
1336 1088 1356 1110 «
1380 1068 1455 1112 Tu
1474 1085 1536 1123 es,
1566 1067 1739 1131 inquit,
1754 1066 2015 1123 Ratleicus;

604 1158 682 1203 tu,
711 1147 800 1203 ait,
843 1145 933 1193 hoe
967 1146 1164 1192 nomine
1196 1146 1450 1202 vocitaris,
1493 1156 1547 1191 tu
1575 1164 1621 1192 es
1647 1163 1806 1192 servus
1847 1145 2019 1193 horum

603 1234 894 1270 sanctorum.
923 1243 944 1266 υ
973 1222 1122 1282 Quam
1150 1240 1259 1268 cum
1287 1223 1364 1269 ille
1384 1233 1749 1285 percontaretur
1771 1223 1897 1269 unde
1929 1221 2019 1270 hoc

604 1303 789 1358 scisset,
815 1301 890 1348 vel
915 1301 1020 1366 quis
1045 1301 1086 1347 ei
1106 1318 1282 1347 nomen
1310 1318 1448 1346 suum
1467 1299 1714 1347 indicasset
1743 1320 1753 1346 :
1784 1321 1803 1344 α
1829 1301 2015 1356 Sancti,

604 1380 786 1443 inquit,
816 1378 918 1435 isti,
948 1378 1029 1442 qui
1065 1377 1141 1424 hic
1171 1378 1501 1442 requiescunt,
1529 1377 1722 1442 quando
1748 1377 1877 1424 velut
1905 1376 2020 1425 dor—

601 1457 752 1503 miens
780 1457 933 1521 jacui,
967 1467 1263 1503 accesserunt
1297 1456 1352 1502 ad
1384 1474 1483 1513 me,
1514 1467 1560 1502 et
1585 1457 1818 1503 miserunt
1846 1456 2018 1521 digitos

601 1553 709 1581 suos
737 1535 785 1580 in
810 1533 1042 1580 auriculas
1073 1551 1196 1579 meas
1230 1533 1552 1597 dixeruntque
1590 1533 1707 1580 mihi
1729 1555 1738 1579 ε
1762 1534 1882 1580 Cum
1908 1552 2019 1580 sur-

603 1612 808 1670 rexeris,
840 1622 886 1658 et
909 1610 966 1656 ad
1001 1610 1146 1657 altare
1175 1611 1439 1665 accesseris,
1468 1611 1666 1657 clericus
1702 1611 1779 1658 ille
1797 1612 1984 1675 juvenis
2004 1648 2015 1667 ,

601 1709 739 1755 quem
763 1707 923 1736 coram
951 1700 995 1735 te
1015 1691 1227 1735 assistere
1252 1707 1303 1734 ac
1329 1699 1374 1735 te
1401 1688 1646 1736 intendere
1670 1689 1840 1736 videris
1859 1727 1869 1746 ‚
1900 1691 2019 1736 scito

601 1767 731 1832 quod
756 1767 832 1814 ille
859 1766 1097 1813 Ratleicus
1127 1777 1348 1822 vocatur,
1376 1777 1421 1812 et
1446 1766 1523 1812 ille
1543 1783 1704 1813 servus
1731 1776 1895 1813 noster
1913 1777 1982 1813 est
2006 1788 2014 1811 :

601 1864 712 1891 nam
734 1846 830 1908 ipse
850 1855 918 1891 est
933 1881 945 1901 ‚
967 1845 1049 1909 qui
1072 1843 1128 1890 ad
1155 1843 1281 1890 hunc
1306 1844 1464 1890 locum
1483 1862 1683 1907 corpora
1710 1855 1872 1891 nostra
1891 1845 2019 1892 detu-

601 1923 674 1968 lit.
700 1943 722 1966 ›>
756 1924 817 1968 Et
848 1940 1008 1969 revera
1048 1922 1108 1967 ita
1137 1932 1253 1968 erat.
1281 1923 1328 1967 Si
1353 1923 1548 1987 quidem
1580 1924 1676 1987 ipse
1697 1933 1818 1979 erat,
1844 1941 2014 1988 quem,

601 2011 799 2064 propter
835 2010 1112 2046 sanctorum
1135 1999 1359 2064 reliquias
1387 2018 1409 2046 a
1435 2000 1642 2065 quodam
1666 1999 1868 2048 diacono
1893 2001 2018 2048 reci-

599 2078 792 2142 piendas
808 2114 819 2134 ‚
844 2076 1080 2143 nobisque
1099 2077 1399 2134 deferendas,
1428 2080 1629 2125 Romam
1654 2096 1740 2125 nos
1766 2079 1942 2126 misisse
1968 2081 2015 2125 in

597 2156 757 2219 primo
780 2154 908 2202 libro
927 2156 1312 2201 memoravimus.
1335 2156 1399 2202 Et
1425 2157 1525 2202 haec
1549 2156 1739 2220 quidem
1766 2156 1855 2202 hoc
1873 2157 2016 2205 modo

602 2248 760 2277 coram
782 2230 920 2278 nobis
935 2267 947 2286 ‚
971 2250 1056 2295 per
1080 2232 1307 2278 virtutem
1326 2231 1707 2278 beatissimorum
1722 2236 2012 2297 Martyrum,

600 2308 796 2372 depulso
850 2309 1142 2354 infirmitatis
1178 2309 1378 2372 spiritu,
1415 2310 1768 2372 integerrimam
1801 2311 2016 2374 corporis

600 2388 669 2433 sui
689 2387 938 2433 sanitatem
956 2397 1025 2432 est
1049 2396 1325 2443 consecula3
1349 2405 1491 2451 quam
1510 2399 1641 2452 pater
1665 2406 1717 2434 ac
1739 2387 1905 2444 frater,
1932 2390 2013 2454 qui

600 2482 701 2511 eam
720 2464 802 2512 illo
818 2463 1113 2513 deduxerunt
1131 2499 1143 2519 ‚
1163 2482 1187 2509 a
1210 2475 1422 2527 tempore
1444 2466 1700 2512 nativitatis
1715 2484 1810 2512 suae
1826 2466 2014 2513 surdam

600 2552 646 2587 et
665 2552 844 2587 mutam
868 2558 1052 2604 semper
1084 2540 1224 2587 fuisse
1253 2543 1406 2587 testati
1429 2553 1554 2588 sunt.

664 2774 742 2820 39.
772 2775 1051 2821 Miraculum
1073 2786 1226 2822 autem
1243 2812 1254 2831 ,
1276 2776 1403 2840 quod
1431 2794 1561 2822 nunc
1586 2787 1863 2823 narraturus
1886 2792 2006 2829 sum,
