<?xml version="1.0" encoding="UTF-8"?>
<!DOCTYPE html PUBLIC "-//W3C//DTD XHTML 1.0 Transitional//EN"
    "http://www.w3.org/TR/xhtml1/DTD/xhtml1-transitional.dtd">
<html xmlns="http://www.w3.org/1999/xhtml" xml:lang="en" lang="en">
 <head>
  <title>
</title>
<meta http-equiv="Content-Type" content="text/html;charset=utf-8" />
  <meta name='ocr-system' content='tesseract 3.04.00' />
  <meta name='ocr-capabilities' content='ocr_page ocr_carea ocr_par ocr_line ocrx_word'/>
</head>
<body>
  <div class='ocr_page' id='page_1' title='image "./einhardiomniaqua02einhuoft_0076.png"; bbox 0 0 2105 3348; ppageno 0'>
   <div class='ocr_carea' id='block_1_1' title="bbox 548 233 1525 282">
    <p class='ocr_par' dir='ltr' id='par_1_1' title="bbox 548 233 1525 282">
     <span class='ocr_line' id='line_1_1' title="bbox 548 233 1525 282; baseline -0.011 0"><span class='ocrx_word' id='word_1_1' title='bbox 548 247 600 282; x_wconf 68' lang='lat'><strong>50</strong></span> <span class='ocrx_word' id='word_1_2' title='bbox 975 235 1221 275; x_wconf 73' lang='lat' dir='ltr'><strong>EINHARDI</strong></span> <span class='ocrx_word' id='word_1_3' title='bbox 1257 233 1525 273; x_wconf 80' lang='lat' dir='ltr'><strong>EPISTOLAE.</strong></span> 
     </span>
    </p>
   </div>
   <div class='ocr_carea' id='block_1_2' title="bbox 546 318 1961 600">
    <p class='ocr_par' dir='ltr' id='par_1_2' title="bbox 546 318 1961 600">
     <span class='ocr_line' id='line_1_2' title="bbox 547 318 1960 388; baseline -0.024 -18"><span class='ocrx_word' id='word_1_4' title='bbox 547 340 640 388; x_wconf 86' lang='lat' dir='ltr'><strong>que</strong></span> <span class='ocrx_word' id='word_1_5' title='bbox 665 332 882 369; x_wconf 86' lang='lat' dir='ltr'><strong>nostrum</strong></span> <span class='ocrx_word' id='word_1_6' title='bbox 913 318 970 363; x_wconf 82' lang='lat' dir='ltr'><strong>ad</strong></span> <span class='ocrx_word' id='word_1_7' title='bbox 1001 326 1126 363; x_wconf 85' lang='lat' dir='ltr'><strong>certa</strong></span> <span class='ocrx_word' id='word_1_8' title='bbox 1162 333 1209 361; x_wconf 86' lang='lat' dir='ltr'><strong>se</strong></span> <span class='ocrx_word' id='word_1_9' title='bbox 1241 330 1532 378; x_wconf 63' lang='lat' dir='ltr'><strong>przeparare,</strong></span> <span class='ocrx_word' id='word_1_10' title='bbox 1561 329 1729 377; x_wconf 62' lang='lat' dir='ltr'><strong>quam,</strong></span> <span class='ocrx_word' id='word_1_11' title='bbox 1760 322 1960 377; x_wconf 60' lang='lat' dir='ltr'><strong>propter</strong></span> 
     </span>
     <span class='ocr_line' id='line_1_3' title="bbox 550 390 1959 461; baseline -0.01 -13"><span class='ocrx_word' id='word_1_12' title='bbox 550 404 727 448; x_wconf 86' lang='lat' dir='ltr'><strong>incerta</strong></span> <span class='ocrx_word' id='word_1_13' title='bbox 763 398 866 461; x_wconf 81' lang='lat' dir='ltr'><strong>(i),</strong></span> <span class='ocrx_word' id='word_1_14' title='bbox 925 393 1054 459; x_wconf 85' lang='lat' dir='ltr'><strong>quod</strong></span> <span class='ocrx_word' id='word_1_15' title='bbox 1100 392 1414 440; x_wconf 81' lang='lat' dir='ltr'><strong>necessarium</strong></span> <span class='ocrx_word' id='word_1_16' title='bbox 1458 400 1556 445; x_wconf 89' lang='lat' dir='ltr'><strong>est,</strong></span> <span class='ocrx_word' id='word_1_17' title='bbox 1595 390 1724 437; x_wconf 89' lang='lat' dir='ltr'><strong>velut</strong></span> <span class='ocrx_word' id='word_1_18' title='bbox 1763 390 1959 438; x_wconf 80' lang='lat' dir='ltr'>meliora</span> 
     </span>
     <span class='ocr_line' id='line_1_4' title="bbox 546 467 1961 542; baseline -0.025 -19"><span class='ocrx_word' id='word_1_19' title='bbox 546 476 769 542; x_wconf 82' lang='lat' dir='ltr'><strong>speranda</strong></span> <span class='ocrx_word' id='word_1_20' title='bbox 798 473 898 535; x_wconf 82' lang='lat'><strong>(2),</strong></span> <span class='ocrx_word' id='word_1_21' title='bbox 936 471 1187 535; x_wconf 76' lang='lat' dir='ltr'><strong>negligere.</strong></span> <span class='ocrx_word' id='word_1_22' title='bbox 1217 469 1343 533; x_wconf 83' lang='lat' dir='ltr'><strong>Opto</strong></span> <span class='ocrx_word' id='word_1_23' title='bbox 1369 479 1424 515; x_wconf 75' lang='lat' dir='ltr'><strong>ut</strong></span> <span class='ocrx_word' id='word_1_24' title='bbox 1450 485 1635 531; x_wconf 64' lang='lat' dir='ltr'><strong>Semper</strong></span> <span class='ocrx_word' id='word_1_25' title='bbox 1663 467 1784 515; x_wconf 66' lang='lat' dir='ltr'>bene</span> <span class='ocrx_word' id='word_1_26' title='bbox 1815 468 1961 515; x_wconf 65' lang='lat' dir='ltr'><strong>valeas</strong></span> 
     </span>
     <span class='ocr_line' id='line_1_5' title="bbox 546 552 843 600; baseline -0.02 0"><span class='ocrx_word' id='word_1_27' title='bbox 546 556 594 600; x_wconf 87' lang='lat' dir='ltr'><strong>in</strong></span> <span class='ocrx_word' id='word_1_28' title='bbox 621 552 843 600; x_wconf 88' lang='lat' dir='ltr'><strong>Domino.</strong></span> 
     </span>
    </p>
   </div>
   <div class='ocr_carea' id='block_1_3' title="bbox 988 703 1523 744">
    <p class='ocr_par' dir='ltr' id='par_1_3' title="bbox 988 703 1523 744">
     <span class='ocr_line' id='line_1_6' title="bbox 988 703 1523 744; baseline 0 -2"><span class='ocrx_word' id='word_1_29' title='bbox 988 703 1161 744; x_wconf 82' lang='lat' dir='ltr'>XXXII.</span> <span class='ocrx_word' id='word_1_30' title='bbox 1197 705 1262 742; x_wconf 92' lang='lat' dir='ltr'><strong>AD</strong></span> <span class='ocrx_word' id='word_1_31' title='bbox 1294 703 1523 742; x_wconf 83' lang='lat' dir='ltr'><strong>AMICUM.</strong></span> 
     </span>
    </p>
   </div>
   <div class='ocr_carea' id='block_1_4' title="bbox 543 810 1988 2200">
    <p class='ocr_par' dir='ltr' id='par_1_4' title="bbox 543 810 1988 2200">
     <span class='ocr_line' id='line_1_7' title="bbox 609 810 1965 875; baseline -0.007 -11"><span class='ocrx_word' id='word_1_32' title='bbox 609 817 861 865; x_wconf 82' lang='lat' dir='ltr'>Carissimo</span> <span class='ocrx_word' id='word_1_33' title='bbox 880 830 988 860; x_wconf 90' lang='lat' dir='ltr'><strong>meo</strong></span> <span class='ocrx_word' id='word_1_34' title='bbox 1008 812 1277 858; x_wconf 81' lang='lat' dir='ltr'><strong>Einhardus</strong></span> <span class='ocrx_word' id='word_1_35' title='bbox 1297 822 1534 875; x_wconf 87' lang='lat' dir='ltr'><strong>peccator,</strong></span> <span class='ocrx_word' id='word_1_36' title='bbox 1555 812 1653 874; x_wconf 88' lang='lat' dir='ltr'><strong>jam</strong></span> <span class='ocrx_word' id='word_1_37' title='bbox 1682 810 1728 855; x_wconf 86' lang='lat' dir='ltr'><strong>in</strong></span> <span class='ocrx_word' id='word_1_38' title='bbox 1749 819 1965 856; x_wconf 81' lang='lat' dir='ltr'><strong>extremo</strong></span> 
     </span>
     <span class='ocr_line' id='line_1_8' title="bbox 543 888 1968 963; baseline -0.008 -19"><span class='ocrx_word' id='word_1_39' title='bbox 543 897 725 963; x_wconf 86' lang='lat' dir='ltr'><strong>positus</strong></span> <span class='ocrx_word' id='word_1_40' title='bbox 745 930 757 951; x_wconf 89' lang='lat'><strong>,</strong></span> <span class='ocrx_word' id='word_1_41' title='bbox 799 904 905 938; x_wconf 85' lang='lat' dir='ltr'><strong>tuus</strong></span> <span class='ocrx_word' id='word_1_42' title='bbox 929 891 1002 955; x_wconf 80' lang='lat'><strong>(3)</strong></span> <span class='ocrx_word' id='word_1_43' title='bbox 1029 901 1186 937; x_wconf 90' lang='lat' dir='ltr'><strong>tamen</strong></span> <span class='ocrx_word' id='word_1_44' title='bbox 1220 898 1535 952; x_wconf 69' lang='lat' dir='ltr'><strong>tuorumque,</strong></span> <span class='ocrx_word' id='word_1_45' title='bbox 1571 888 1724 935; x_wconf 85' lang='lat' dir='ltr'><strong>donec</strong></span> <span class='ocrx_word' id='word_1_46' title='bbox 1756 897 1968 951; x_wconf 80' lang='lat' dir='ltr'><strong>superest</strong></span> 
     </span>
     <span class='ocr_line' id='line_1_9' title="bbox 544 964 1968 1032; baseline -0.007 -12"><span class='ocrx_word' id='word_1_47' title='bbox 544 975 713 1032; x_wconf 74' lang='lat' dir='ltr'><strong>{latu8‚</strong></span> <span class='ocrx_word' id='word_1_48' title='bbox 742 973 842 1018; x_wconf 91' lang='lat' dir='ltr'><strong>Deo</strong></span> <span class='ocrx_word' id='word_1_49' title='bbox 864 978 982 1016; x_wconf 88' lang='lat' dir='ltr'><strong>teste</strong></span> <span class='ocrx_word' id='word_1_50' title='bbox 998 1004 1010 1025; x_wconf 92' lang='lat'><strong>,</strong></span> <span class='ocrx_word' id='word_1_51' title='bbox 1039 967 1208 1014; x_wconf 85' lang='lat' dir='ltr'><strong>fidelis.</strong></span> <span class='ocrx_word' id='word_1_52' title='bbox 1231 995 1295 1003; x_wconf 94' lang='lat'>—</span> <span class='ocrx_word' id='word_1_53' title='bbox 1314 964 1638 1022; x_wconf 83' lang='lat' dir='ltr'><strong>Commendo,</strong></span> <span class='ocrx_word' id='word_1_54' title='bbox 1665 965 1968 1011; x_wconf 78' lang='lat' dir='ltr'><strong>dilectissime</strong></span> 
     </span>
     <span class='ocr_line' id='line_1_10' title="bbox 546 1042 1970 1113; baseline -0.008 -14"><span class='ocrx_word' id='word_1_55' title='bbox 546 1054 609 1099; x_wconf 90' lang='lat' dir='ltr'><strong>mi</strong></span> <span class='ocrx_word' id='word_1_56' title='bbox 627 1091 639 1113; x_wconf 67' lang='lat'><strong><em>7</em></strong></span> <span class='ocrx_word' id='word_1_57' title='bbox 668 1061 761 1097; x_wconf 80' lang='lat' dir='ltr'><strong>tuae</strong></span> <span class='ocrx_word' id='word_1_58' title='bbox 786 1047 969 1095; x_wconf 87' lang='lat' dir='ltr'><strong>caritati</strong></span> <span class='ocrx_word' id='word_1_59' title='bbox 995 1047 1228 1102; x_wconf 86' lang='lat' dir='ltr'><strong>animam,</strong></span> <span class='ocrx_word' id='word_1_60' title='bbox 1260 1063 1285 1092; x_wconf 93' lang='lat' dir='ltr'><strong>e</strong></span> <span class='ocrx_word' id='word_1_61' title='bbox 1315 1061 1516 1109; x_wconf 87' lang='lat' dir='ltr'><strong>corpore</strong></span> <span class='ocrx_word' id='word_1_62' title='bbox 1549 1042 1741 1090; x_wconf 88' lang='lat' dir='ltr'><strong>subdito</strong></span> <span class='ocrx_word' id='word_1_63' title='bbox 1767 1043 1970 1107; x_wconf 88' lang='lat' dir='ltr'><strong>peccatis</strong></span> 
     </span>
     <span class='ocr_line' id='line_1_11' title="bbox 545 1121 1970 1196; baseline -0.008 -17"><span class='ocrx_word' id='word_1_64' title='bbox 545 1147 773 1196; x_wconf 76' lang='lat' dir='ltr'><strong>egressam</strong></span> <span class='ocrx_word' id='word_1_65' title='bbox 790 1164 802 1184; x_wconf 94' lang='lat'><strong>,</strong></span> <span class='ocrx_word' id='word_1_66' title='bbox 825 1137 879 1173; x_wconf 84' lang='lat' dir='ltr'><strong>ut</strong></span> <span class='ocrx_word' id='word_1_67' title='bbox 893 1144 994 1174; x_wconf 86' lang='lat' dir='ltr'><strong>eam</strong></span> <span class='ocrx_word' id='word_1_68' title='bbox 1015 1126 1063 1171; x_wconf 91' lang='lat' dir='ltr'><strong>in</strong></span> <span class='ocrx_word' id='word_1_69' title='bbox 1081 1135 1166 1172; x_wconf 86' lang='lat' dir='ltr'><strong>tuo</strong></span> <span class='ocrx_word' id='word_1_70' title='bbox 1183 1134 1474 1187; x_wconf 89' lang='lat' dir='ltr'><strong>tuorumque</strong></span> <span class='ocrx_word' id='word_1_71' title='bbox 1495 1121 1706 1169; x_wconf 87' lang='lat' dir='ltr'><strong>fidelium</strong></span> <span class='ocrx_word' id='word_1_72' title='bbox 1726 1121 1970 1168; x_wconf 83' lang='lat' dir='ltr'><strong>consortio</strong></span> 
     </span>
     <span class='ocr_line' id='line_1_12' title="bbox 547 1199 1970 1270; baseline -0.008 -14"><span class='ocrx_word' id='word_1_73' title='bbox 547 1207 748 1257; x_wconf 79' lang='lat' dir='ltr'><strong>adscribi</strong></span> <span class='ocrx_word' id='word_1_74' title='bbox 783 1204 992 1270; x_wconf 83' lang='lat' dir='ltr'><strong>digneris</strong></span> <span class='ocrx_word' id='word_1_75' title='bbox 1030 1224 1040 1249; x_wconf 75' lang='grc' dir='ltr'>ε</span> <span class='ocrx_word' id='word_1_76' title='bbox 1074 1212 1331 1268; x_wconf 87' lang='lat' dir='ltr'><strong>quatenus,</strong></span> <span class='ocrx_word' id='word_1_77' title='bbox 1373 1211 1643 1247; x_wconf 83' lang='lat' dir='ltr'><strong>sanctarum</strong></span> <span class='ocrx_word' id='word_1_78' title='bbox 1667 1199 1835 1246; x_wconf 86' lang='lat' dir='ltr'><strong>studiis</strong></span> <span class='ocrx_word' id='word_1_79' title='bbox 1867 1216 1970 1247; x_wconf 85' lang='lat' dir='ltr'><strong>ora-</strong></span> 
     </span>
     <span class='ocr_line' id='line_1_13' title="bbox 546 1276 1974 1348; baseline -0.01 -13"><span class='ocrx_word' id='word_1_80' title='bbox 546 1288 763 1341; x_wconf 83' lang='lat' dir='ltr'><strong>tionum,</strong></span> <span class='ocrx_word' id='word_1_81' title='bbox 801 1284 1089 1348; x_wconf 86' lang='lat' dir='ltr'><strong>piorumque</strong></span> <span class='ocrx_word' id='word_1_82' title='bbox 1114 1279 1338 1345; x_wconf 84' lang='lat' dir='ltr'><strong>precibus</strong></span> <span class='ocrx_word' id='word_1_83' title='bbox 1368 1277 1598 1333; x_wconf 87' lang='lat' dir='ltr'><strong>fratrum,</strong></span> <span class='ocrx_word' id='word_1_84' title='bbox 1633 1278 1803 1325; x_wconf 88' lang='lat' dir='ltr'><strong>misera</strong></span> <span class='ocrx_word' id='word_1_85' title='bbox 1835 1276 1974 1341; x_wconf 85' lang='lat' dir='ltr'><strong>adju-</strong></span> 
     </span>
     <span class='ocr_line' id='line_1_14' title="bbox 547 1353 1976 1424; baseline -0.008 -13"><span class='ocrx_word' id='word_1_86' title='bbox 547 1374 651 1411; x_wconf 85' lang='lat' dir='ltr'><strong>vata</strong></span> <span class='ocrx_word' id='word_1_87' title='bbox 690 1362 871 1417; x_wconf 88' lang='lat' dir='ltr'><strong>anima,</strong></span> <span class='ocrx_word' id='word_1_88' title='bbox 911 1360 1074 1407; x_wconf 91' lang='lat' dir='ltr'><strong>locum</strong></span> <span class='ocrx_word' id='word_1_89' title='bbox 1110 1355 1364 1424; x_wconf 84' lang='lat' dir='ltr'><strong>quemdam</strong></span> <span class='ocrx_word' id='word_1_90' title='bbox 1389 1356 1460 1419; x_wconf 71' lang='grc'><strong>(4)</strong></span> <span class='ocrx_word' id='word_1_91' title='bbox 1493 1353 1731 1419; x_wconf 84' lang='lat' dir='ltr'><strong>refrigerii</strong></span> <span class='ocrx_word' id='word_1_92' title='bbox 1765 1354 1976 1418; x_wconf 87' lang='lat' dir='ltr'><strong>accipere</strong></span> 
     </span>
     <span class='ocr_line' id='line_1_15' title="bbox 549 1432 1976 1503; baseline -0.008 -14"><span class='ocrx_word' id='word_1_93' title='bbox 549 1451 788 1489; x_wconf 88' lang='lat' dir='ltr'><strong>mereatur</strong></span> <span class='ocrx_word' id='word_1_94' title='bbox 803 1438 894 1503; x_wconf 84' lang='lat'><strong>(5).</strong></span> <span class='ocrx_word' id='word_1_95' title='bbox 915 1437 998 1482; x_wconf 90' lang='lat' dir='ltr'><strong>His</strong></span> <span class='ocrx_word' id='word_1_96' title='bbox 1017 1436 1192 1501; x_wconf 85' lang='lat' dir='ltr'><strong>itaque,</strong></span> <span class='ocrx_word' id='word_1_97' title='bbox 1219 1443 1420 1499; x_wconf 89' lang='lat' dir='ltr'><strong>propter</strong></span> <span class='ocrx_word' id='word_1_98' title='bbox 1443 1432 1641 1478; x_wconf 85' lang='lat' dir='ltr'><strong>nimiam</strong></span> <span class='ocrx_word' id='word_1_99' title='bbox 1663 1447 1976 1497; x_wconf 77' lang='lat' dir='ltr'><strong>magnamque</strong></span> 
     </span>
     <span class='ocr_line' id='line_1_16' title="bbox 552 1508 1979 1584; baseline -0.008 -18"><span class='ocrx_word' id='word_1_100' title='bbox 552 1517 815 1584; x_wconf 81' lang='lat' dir='ltr'><strong>angustiam</strong></span> <span class='ocrx_word' id='word_1_101' title='bbox 836 1514 990 1561; x_wconf 87' lang='lat' dir='ltr'><strong>carnis</strong></span> <span class='ocrx_word' id='word_1_102' title='bbox 1008 1513 1083 1560; x_wconf 85' lang='lat' dir='ltr'><strong>vel</strong></span> <span class='ocrx_word' id='word_1_103' title='bbox 1107 1512 1325 1577; x_wconf 86' lang='lat' dir='ltr'><strong>spiritus,</strong></span> <span class='ocrx_word' id='word_1_104' title='bbox 1348 1509 1559 1558; x_wconf 88' lang='lat' dir='ltr'><strong>breviter</strong></span> <span class='ocrx_word' id='word_1_105' title='bbox 1580 1508 1865 1574; x_wconf 80' lang='lat' dir='ltr'><strong>praelibatis,</strong></span> <span class='ocrx_word' id='word_1_106' title='bbox 1892 1508 1979 1555; x_wconf 90' lang='lat' dir='ltr'><strong>de-</strong></span> 
     </span>
     <span class='ocr_line' id='line_1_17' title="bbox 553 1590 1981 1664; baseline -0.009 -19"><span class='ocrx_word' id='word_1_107' title='bbox 553 1614 754 1664; x_wconf 77' lang='lat' dir='ltr'><strong>precor,</strong></span> <span class='ocrx_word' id='word_1_108' title='bbox 780 1593 1084 1641; x_wconf 84' lang='lat' dir='ltr'><strong>dilectissime</strong></span> <span class='ocrx_word' id='word_1_109' title='bbox 1115 1591 1178 1637; x_wconf 90' lang='lat' dir='ltr'><strong>mi</strong></span> <span class='ocrx_word' id='word_1_110' title='bbox 1205 1590 1277 1654; x_wconf 87' lang='grc'><strong>(6)</strong></span> <span class='ocrx_word' id='word_1_111' title='bbox 1293 1625 1306 1647; x_wconf 90' lang='grc'><strong><em>,</em></strong></span> <span class='ocrx_word' id='word_1_112' title='bbox 1334 1600 1391 1635; x_wconf 90' lang='lat' dir='ltr'><strong>ut</strong></span> <span class='ocrx_word' id='word_1_113' title='bbox 1416 1605 1675 1643; x_wconf 78' lang='lat' dir='ltr'><strong>summam,</strong></span> <span class='ocrx_word' id='word_1_114' title='bbox 1707 1604 1797 1651; x_wconf 90' lang='lat' dir='ltr'><strong>pro</strong></span> <span class='ocrx_word' id='word_1_115' title='bbox 1819 1603 1981 1633; x_wconf 81' lang='lat' dir='ltr'><strong>amore</strong></span> 
     </span>
     <span class='ocr_line' id='line_1_18' title="bbox 556 1664 1983 1731; baseline -0.009 -10"><span class='ocrx_word' id='word_1_116' title='bbox 556 1673 643 1722; x_wconf 90' lang='lat' dir='ltr'><strong>Dei</strong></span> <span class='ocrx_word' id='word_1_117' title='bbox 663 1690 714 1719; x_wconf 85' lang='lat' dir='ltr'><strong>ac</strong></span> <span class='ocrx_word' id='word_1_118' title='bbox 730 1689 847 1718; x_wconf 80' lang='lat' dir='ltr'><strong>meae</strong></span> <span class='ocrx_word' id='word_1_119' title='bbox 861 1669 1056 1716; x_wconf 84' lang='lat' dir='ltr'><strong>vilitatis</strong></span> <span class='ocrx_word' id='word_1_120' title='bbox 1074 1667 1279 1713; x_wconf 87' lang='lat' dir='ltr'><strong>amicitia</strong></span> <span class='ocrx_word' id='word_1_121' title='bbox 1295 1666 1386 1731; x_wconf 86' lang='lat'><strong>(7),</strong></span> <span class='ocrx_word' id='word_1_122' title='bbox 1402 1664 1724 1721; x_wconf 88' lang='lat' dir='ltr'><strong>ecclesiarum,</strong></span> <span class='ocrx_word' id='word_1_123' title='bbox 1743 1681 1861 1710; x_wconf 82' lang='lat' dir='ltr'><strong>meae</strong></span> <span class='ocrx_word' id='word_1_124' title='bbox 1880 1680 1983 1727; x_wconf 84' lang='lat' dir='ltr'><strong>par-</strong></span> 
     </span>
     <span class='ocr_line' id='line_1_19' title="bbox 560 1741 1983 1807; baseline -0.008 -9"><span class='ocrx_word' id='word_1_125' title='bbox 560 1750 696 1798; x_wconf 84' lang='lat' dir='ltr'><strong>vitati</strong></span> <span class='ocrx_word' id='word_1_126' title='bbox 721 1747 1099 1801; x_wconf 88' lang='lat' dir='ltr'><strong>commissarum,</strong></span> <span class='ocrx_word' id='word_1_127' title='bbox 1127 1743 1346 1792; x_wconf 83' lang='lat' dir='ltr'><strong>adhibeas</strong></span> <span class='ocrx_word' id='word_1_128' title='bbox 1364 1761 1525 1790; x_wconf 88' lang='lat' dir='ltr'><strong>curam</strong></span> <span class='ocrx_word' id='word_1_129' title='bbox 1541 1779 1555 1801; x_wconf 90' lang='lat'><strong>,</strong></span> <span class='ocrx_word' id='word_1_130' title='bbox 1586 1761 1647 1790; x_wconf 90' lang='lat' dir='ltr'><strong>ne</strong></span> <span class='ocrx_word' id='word_1_131' title='bbox 1665 1752 1773 1807; x_wconf 89' lang='lat' dir='ltr'><strong>post</strong></span> <span class='ocrx_word' id='word_1_132' title='bbox 1793 1741 1983 1789; x_wconf 90' lang='lat' dir='ltr'><strong>obitum</strong></span> 
     </span>
     <span class='ocr_line' id='line_1_20' title="bbox 561 1820 1985 1890; baseline -0.008 -14"><span class='ocrx_word' id='word_1_133' title='bbox 561 1845 722 1876; x_wconf 89' lang='lat' dir='ltr'><strong>meum</strong></span> <span class='ocrx_word' id='word_1_134' title='bbox 738 1825 838 1890; x_wconf 89' lang='lat' dir='ltr'><strong>lupi</strong></span> <span class='ocrx_word' id='word_1_135' title='bbox 853 1825 1013 1872; x_wconf 91' lang='lat' dir='ltr'><strong>locum</strong></span> <span class='ocrx_word' id='word_1_136' title='bbox 1030 1823 1292 1869; x_wconf 85' lang='lat' dir='ltr'><strong>sanctitatis</strong></span> <span class='ocrx_word' id='word_1_137' title='bbox 1310 1820 1537 1869; x_wconf 89' lang='lat' dir='ltr'><strong>invadant</strong></span> <span class='ocrx_word' id='word_1_138' title='bbox 1550 1837 1756 1885; x_wconf 87' lang='lat' dir='ltr'><strong>rapaces,</strong></span> <span class='ocrx_word' id='word_1_139' title='bbox 1773 1836 1985 1885; x_wconf 77' lang='lat' dir='ltr'><strong>gregem-</strong></span> 
     </span>
     <span class='ocr_line' id='line_1_21' title="bbox 565 1898 1988 1972; baseline -0.006 -20"><span class='ocrx_word' id='word_1_140' title='bbox 565 1923 659 1972; x_wconf 88' lang='lat' dir='ltr'><strong>que</strong></span> <span class='ocrx_word' id='word_1_141' title='bbox 684 1903 1011 1950; x_wconf 87' lang='lat' dir='ltr'><strong>humillimum</strong></span> <span class='ocrx_word' id='word_1_142' title='bbox 1031 1901 1306 1966; x_wconf 81' lang='lat' dir='ltr'><strong>dispergant</strong></span> <span class='ocrx_word' id='word_1_143' title='bbox 1328 1921 1338 1947; x_wconf 92' lang='lat'>:</span> <span class='ocrx_word' id='word_1_144' title='bbox 1365 1899 1445 1947; x_wconf 91' lang='lat' dir='ltr'><strong>sed</strong></span> <span class='ocrx_word' id='word_1_145' title='bbox 1468 1900 1628 1965; x_wconf 89' lang='lat' dir='ltr'><strong>potius</strong></span> <span class='ocrx_word' id='word_1_146' title='bbox 1651 1899 1716 1945; x_wconf 92' lang='lat' dir='ltr'><strong>eis</strong></span> <span class='ocrx_word' id='word_1_147' title='bbox 1740 1898 1845 1944; x_wconf 90' lang='lat' dir='ltr'><strong>talis</strong></span> <span class='ocrx_word' id='word_1_148' title='bbox 1866 1914 1988 1944; x_wconf 86' lang='lat' dir='ltr'><strong>con-</strong></span> 
     </span>
     <span class='ocr_line' id='line_1_22' title="bbox 567 1977 1986 2044; baseline -0.007 -12"><span class='ocrx_word' id='word_1_149' title='bbox 567 1983 762 2032; x_wconf 82' lang='lat' dir='ltr'><strong>cedatur</strong></span> <span class='ocrx_word' id='word_1_150' title='bbox 782 1990 971 2037; x_wconf 90' lang='lat' dir='ltr'><strong>rector,</strong></span> <span class='ocrx_word' id='word_1_151' title='bbox 1003 1980 1087 2044; x_wconf 86' lang='lat' dir='ltr'><strong>qui</strong></span> <span class='ocrx_word' id='word_1_152' title='bbox 1111 1983 1268 2026; x_wconf 90' lang='lat' dir='ltr'><strong>Deum</strong></span> <span class='ocrx_word' id='word_1_153' title='bbox 1289 1996 1446 2026; x_wconf 85' lang='lat' dir='ltr'><strong>amare</strong></span> <span class='ocrx_word' id='word_1_154' title='bbox 1470 1978 1662 2026; x_wconf 84' lang='lat' dir='ltr'><strong>noverit</strong></span> <span class='ocrx_word' id='word_1_155' title='bbox 1690 1978 1762 2024; x_wconf 87' lang='lat' dir='ltr'><strong>vel</strong></span> <span class='ocrx_word' id='word_1_156' title='bbox 1791 1977 1986 2034; x_wconf 88' lang='lat' dir='ltr'><strong>timere,</strong></span> 
     </span>
     <span class='ocr_line' id='line_1_23' title="bbox 570 2055 1986 2125; baseline -0.006 -16"><span class='ocrx_word' id='word_1_157' title='bbox 570 2073 618 2110; x_wconf 88' lang='lat' dir='ltr'><strong>et</strong></span> <span class='ocrx_word' id='word_1_158' title='bbox 640 2062 736 2117; x_wconf 88' lang='lat' dir='ltr'><strong>his,</strong></span> <span class='ocrx_word' id='word_1_159' title='bbox 765 2060 848 2125; x_wconf 88' lang='lat' dir='ltr'><strong>qui</strong></span> <span class='ocrx_word' id='word_1_160' title='bbox 868 2057 1046 2105; x_wconf 85' lang='lat' dir='ltr'><strong>subditi</strong></span> <span class='ocrx_word' id='word_1_161' title='bbox 1073 2068 1202 2114; x_wconf 88' lang='lat' dir='ltr'><strong>sunt,</strong></span> <span class='ocrx_word' id='word_1_162' title='bbox 1227 2057 1604 2104; x_wconf 89' lang='lat' dir='ltr'><strong>misericorditer</strong></span> <span class='ocrx_word' id='word_1_163' title='bbox 1618 2056 1691 2120; x_wconf 86' lang='lat'><strong>(8)</strong></span> <span class='ocrx_word' id='word_1_164' title='bbox 1715 2055 1986 2102; x_wconf 82' lang='lat' dir='ltr'><strong>subvenire.</strong></span> 
     </span>
     <span class='ocr_line' id='line_1_24' title="bbox 570 2133 1987 2200; baseline -0.006 -14"><span class='ocrx_word' id='word_1_165' title='bbox 570 2141 757 2186; x_wconf 84' lang='lat' dir='ltr'><strong>Fratres</strong></span> <span class='ocrx_word' id='word_1_166' title='bbox 774 2154 888 2185; x_wconf 87' lang='lat' dir='ltr'><strong>vero</strong></span> <span class='ocrx_word' id='word_1_167' title='bbox 903 2136 1057 2184; x_wconf 86' lang='lat' dir='ltr'><strong>nostri</strong></span> <span class='ocrx_word' id='word_1_168' title='bbox 1080 2136 1245 2200; x_wconf 86' lang='lat' dir='ltr'><strong>tuique</strong></span> <span class='ocrx_word' id='word_1_169' title='bbox 1269 2134 1529 2182; x_wconf 89' lang='lat' dir='ltr'><strong>fidelissimi</strong></span> <span class='ocrx_word' id='word_1_170' title='bbox 1547 2153 1603 2182; x_wconf 89' lang='lat' dir='ltr'><strong>ex</strong></span> <span class='ocrx_word' id='word_1_171' title='bbox 1620 2134 1910 2181; x_wconf 88' lang='lat' dir='ltr'><strong>monasterio</strong></span> <span class='ocrx_word' id='word_1_172' title='bbox 1927 2133 1987 2179; x_wconf 91' lang='lat' dir='ltr'><strong>N.</strong></span> 
     </span>
    </p>
   </div>
   <div class='ocr_carea' id='block_1_5' title="bbox 623 2332 1590 2679">
    <p class='ocr_par' dir='ltr' id='par_1_5' title="bbox 623 2332 962 2381">
     <span class='ocr_line' id='line_1_25' title="bbox 623 2332 962 2381; baseline -0.015 -11"><span class='ocrx_word' id='word_1_173' title='bbox 623 2337 673 2381; x_wconf 85' lang='lat' dir='ltr'><strong>(i)</strong></span> <span class='ocrx_word' id='word_1_174' title='bbox 697 2332 790 2369; x_wconf 85' lang='lat' dir='ltr'><strong>Cod.</strong></span> <span class='ocrx_word' id='word_1_175' title='bbox 812 2334 962 2367; x_wconf 80' lang='lat' dir='ltr'><strong>incerto.</strong></span> 
     </span>
    </p>

    <p class='ocr_par' dir='ltr' id='par_1_6' title="bbox 624 2391 1016 2442">
     <span class='ocr_line' id='line_1_26' title="bbox 624 2391 1016 2442; baseline -0.008 -13"><span class='ocrx_word' id='word_1_176' title='bbox 624 2396 675 2442; x_wconf 82' lang='lat'><strong>(2)</strong></span> <span class='ocrx_word' id='word_1_177' title='bbox 699 2393 798 2429; x_wconf 80' lang='lat' dir='ltr'><strong>Edit.</strong></span> <span class='ocrx_word' id='word_1_178' title='bbox 819 2391 1016 2439; x_wconf 77' lang='lat' dir='ltr'><strong>sperando.</strong></span> 
     </span>
    </p>

    <p class='ocr_par' dir='ltr' id='par_1_7' title="bbox 628 2453 912 2503">
     <span class='ocr_line' id='line_1_27' title="bbox 628 2453 912 2503; baseline -0.021 -12"><span class='ocrx_word' id='word_1_179' title='bbox 628 2455 678 2503; x_wconf 78' lang='grc'><strong>(5)</strong></span> <span class='ocrx_word' id='word_1_180' title='bbox 705 2453 796 2490; x_wconf 89' lang='lat' dir='ltr'><strong>Cod.</strong></span> <span class='ocrx_word' id='word_1_181' title='bbox 818 2459 912 2487; x_wconf 81' lang='lat' dir='ltr'><strong>tuos.</strong></span> 
     </span>
    </p>

    <p class='ocr_par' dir='ltr' id='par_1_8' title="bbox 627 2508 1371 2560">
     <span class='ocr_line' id='line_1_28' title="bbox 627 2508 1371 2560; baseline -0.009 -11"><span class='ocrx_word' id='word_1_182' title='bbox 627 2516 678 2560; x_wconf 68' lang='grc'><strong>(4)</strong></span> <span class='ocrx_word' id='word_1_183' title='bbox 703 2513 794 2549; x_wconf 91' lang='lat' dir='ltr'><strong>Cod.</strong></span> <span class='ocrx_word' id='word_1_184' title='bbox 813 2525 861 2546; x_wconf 84' lang='lat' dir='ltr'><strong>m.</strong></span> <span class='ocrx_word' id='word_1_185' title='bbox 881 2511 1058 2558; x_wconf 81' lang='lat' dir='ltr'><strong>adjuvate</strong></span> <span class='ocrx_word' id='word_1_186' title='bbox 1077 2522 1112 2544; x_wconf 83' lang='lat' dir='ltr'><strong>a.</strong></span> <span class='ocrx_word' id='word_1_187' title='bbox 1134 2511 1158 2543; x_wconf 89' lang='lat' dir='ltr'><strong>l.</strong></span> <span class='ocrx_word' id='word_1_188' title='bbox 1180 2508 1371 2556; x_wconf 83' lang='lat' dir='ltr'><strong>quiddam.</strong></span> 
     </span>
    </p>

    <p class='ocr_par' dir='ltr' id='par_1_9' title="bbox 628 2568 1590 2679">
     <span class='ocr_line' id='line_1_29' title="bbox 628 2568 1590 2619; baseline -0.01 -10"><span class='ocrx_word' id='word_1_189' title='bbox 628 2573 677 2619; x_wconf 83' lang='lat'><strong>(5)</strong></span> <span class='ocrx_word' id='word_1_190' title='bbox 703 2572 759 2607; x_wconf 85' lang='lat' dir='ltr'><strong>Cs.</strong></span> <span class='ocrx_word' id='word_1_191' title='bbox 780 2582 905 2617; x_wconf 83' lang='lat' dir='ltr'><strong>preces</strong></span> <span class='ocrx_word' id='word_1_192' title='bbox 924 2569 1038 2604; x_wconf 82' lang='lat' dir='ltr'><strong>missae</strong></span> <span class='ocrx_word' id='word_1_193' title='bbox 1057 2569 1094 2602; x_wconf 90' lang='lat' dir='ltr'><strong>in</strong></span> <span class='ocrx_word' id='word_1_194' title='bbox 1113 2568 1327 2603; x_wconf 83' lang='lat' dir='ltr'><strong>memoriam</strong></span> <span class='ocrx_word' id='word_1_195' title='bbox 1345 2573 1590 2601; x_wconf 77' lang='lat' dir='ltr'><strong>mortuorum.</strong></span> 
     </span>
     <span class='ocr_line' id='line_1_30' title="bbox 629 2630 1177 2679; baseline -0.015 -10"><span class='ocrx_word' id='word_1_196' title='bbox 629 2633 677 2679; x_wconf 88' lang='grc'>(6)</span> <span class='ocrx_word' id='word_1_197' title='bbox 703 2630 795 2668; x_wconf 88' lang='lat' dir='ltr'><strong>Cod.</strong></span> <span class='ocrx_word' id='word_1_198' title='bbox 816 2630 1050 2664; x_wconf 76' lang='lat' dir='ltr'><strong>dilectissime</strong></span> <span class='ocrx_word' id='word_1_199' title='bbox 1070 2630 1177 2663; x_wconf 78' lang='lat' dir='ltr'><strong>enim.</strong></span> 
     </span>
    </p>
   </div>
   <div class='ocr_carea' id='block_1_6' title="bbox 629 2689 1235 2798">
    <p class='ocr_par' dir='ltr' id='par_1_10' title="bbox 629 2689 1235 2798">
     <span class='ocr_line' id='line_1_31' title="bbox 629 2689 1235 2741; baseline -0.013 -14"><span class='ocrx_word' id='word_1_200' title='bbox 629 2695 678 2741; x_wconf 84' lang='lat'><strong>(7)</strong></span> <span class='ocrx_word' id='word_1_201' title='bbox 703 2691 793 2727; x_wconf 68' lang='lat' dir='ltr'><strong>Cod⁴</strong></span> <span class='ocrx_word' id='word_1_202' title='bbox 817 2703 859 2725; x_wconf 83' lang='lat' dir='ltr'><strong>ac</strong></span> <span class='ocrx_word' id='word_1_203' title='bbox 875 2702 955 2724; x_wconf 82' lang='lat' dir='ltr'><strong>mea</strong></span> <span class='ocrx_word' id='word_1_204' title='bbox 973 2702 1011 2724; x_wconf 83' lang='lat' dir='ltr'><strong>v.</strong></span> <span class='ocrx_word' id='word_1_205' title='bbox 1033 2689 1235 2722; x_wconf 73' lang='lat' dir='ltr'><strong>amititiam.</strong></span> 
     </span>
     <span class='ocr_line' id='line_1_32' title="bbox 632 2750 1063 2798; baseline -0.007 -13"><span class='ocrx_word' id='word_1_206' title='bbox 632 2754 684 2798; x_wconf 72' lang='lat'><strong>(8)</strong></span> <span class='ocrx_word' id='word_1_207' title='bbox 712 2751 800 2787; x_wconf 80' lang='lat' dir='ltr'><strong>Cod.</strong></span> <span class='ocrx_word' id='word_1_208' title='bbox 824 2750 1063 2784; x_wconf 70' lang='lat' dir='ltr'><strong>mediocriter,</strong></span> 
     </span>
    </p>
   </div>
  </div>
 </body>
</html>
