2105 3348
608 240 658 273 70
1028 229 1283 267 EINHARDI
1316 229 1583 268 EPISTOLAE.

608 331 750 361 censu
775 311 845 358 vel
866 309 1050 356 tributo
1072 309 1166 372 (ι),
1193 308 1425 355 immunes
1448 325 1531 355 vos
1551 326 1645 356 esse
1669 311 2006 373 permittimus,

606 402 653 438 et
671 406 768 436 non
787 387 922 445 aliam
941 386 1117 450 legem,
1137 386 1225 433 nisi
1245 403 1335 451 qua
1357 386 1442 450 ipsi
1462 386 1620 433 vivere
1637 387 1907 445 volueritis,
1928 405 2011 436 vos

606 480 765 514 tenere
793 464 1040 529 jubemus,
1073 482 1160 512 nec
1183 464 1319 512 aliter
1344 482 1451 530 erga
1481 482 1564 511 vos
1595 483 1729 530 agere
1763 466 2007 522 volumus,

605 545 692 591 nisi
712 553 762 588 ut
781 559 863 588 vos
879 541 1053 588 amicos
1073 553 1119 588 et
1138 542 1307 598 socios,
1330 542 1378 588 in
1396 541 1669 590 defensione
1685 543 1818 608 regni
1837 543 2008 600 nostri,

604 619 866 668 honorifice
889 618 1159 668 habeamus.
1180 620 1408 684 Optamus
1426 637 1508 667 vos
1529 620 1579 665 in
1599 620 1807 668 Domino
1827 637 2012 684 semper

604 699 724 747 bene
747 697 916 745 valere.

990 1155 1072 1192 XL.
1106 1155 1172 1192 AD
1204 1154 1619 1194 IMPERATRICEM.

664 1261 959 1325 Cognoscere
981 1258 1205 1324 dignetur
1233 1259 1439 1323 piissima
1462 1260 1665 1306 Domina
1689 1268 1852 1307 nostra
1885 1258 2015 1323 quod

601 1354 687 1402 ego
719 1354 877 1383 servus
913 1345 1083 1393 vester,
1120 1346 1373 1401 postquam
1409 1335 1467 1383 de
1500 1336 1649 1401 Aquis
1682 1336 1805 1382 exivi
1822 1370 1835 1392 ‚
1871 1335 2015 1380 tantis

602 1415 817 1478 corporis
841 1413 1156 1461 incommodis
1173 1414 1366 1460 affectus
1389 1432 1493 1460 sum
1510 1450 1525 1473 ‚
1545 1423 1600 1459 ut
1617 1413 1674 1461 de
1693 1414 1915 1477 Trajecto
1937 1412 2016 1458 vix

601 1491 786 1539 decimo
817 1491 892 1538 die
919 1492 1169 1554 pervenire
1195 1508 1378 1555 possem
1410 1491 1467 1537 ad
1494 1491 1809 1541 Valentianas.
1843 1489 1915 1536 lbi
1941 1507 2018 1537 me

601 1579 698 1614 tam
717 1585 914 1632 magnus
930 1567 1120 1613 renium
1141 1567 1282 1614 simul
1302 1585 1354 1614 ac
1368 1567 1542 1632 splenis
1562 1569 1637 1632 (2)
1656 1567 1797 1614 dolor
1821 1566 2017 1621 invasit,

601 1655 656 1691 ut
675 1662 735 1691 ne
757 1662 907 1690 unum
931 1643 1123 1710 quidem
1145 1645 1405 1692 miliarium
1430 1645 1478 1691 in
1505 1645 1693 1709 integro
1716 1644 1792 1691 die
1813 1643 2018 1690 valerem

601 1722 860 1788 equitando
886 1723 1137 1770 conficere.
1167 1724 1469 1788 Quapropter
1491 1724 1708 1788 supplico
1730 1722 1893 1787 pietati
1919 1739 2019 1769 ves-

603 1812 691 1848 trae
713 1811 766 1847 ut
785 1799 901 1846 mihi
924 1801 1078 1861 liceat,
1102 1819 1212 1847 eum
1231 1802 1379 1866 gralia
1396 1811 1567 1857 vestra,
1591 1799 1856 1864 navigando
1876 1799 1945 1846 ire
1961 1798 2019 1846 ad

603 1880 830 1926 Sanctum
852 1879 912 1926 N.
933 1880 995 1943 [i.
1013 1897 1054 1926 e.
1073 1880 1121 1926 S.
1142 1879 1405 1944 Bavonem]
1424 1879 1752 1944 ibiquejacere
1769 1895 2020 1944 quousque

602 1956 720 2002 mihi
750 1958 873 2004 Deus
896 1957 1205 2022 omnipotens
1235 1958 1357 2004 vires
1387 1957 1444 2003 ad
1482 1958 1572 2004 iter
1606 1957 1880 2004 faciendum
1909 1956 2020 2003 dare

604 2031 896 2097 dignabitur.
911 2033 1034 2079 Nam
1046 2051 1154 2080 eum
1171 2033 1382 2097 primum
1393 2034 1465 2098 (3)
1481 2034 1693 2099 equitare
1705 2043 1928 2097 potuero,
1945 2031 2020 2080 vel

606 2108 663 2154 ad
681 2125 783 2168 vos,
803 2109 877 2155 vel
891 2108 949 2154 ad
967 2108 1198 2155 domnum
1220 2110 1559 2174 imperatorem
1573 2110 1738 2157 venire
1751 2107 1987 2156 festinabo
2005 2128 2016 2154 ε

608 2197 772 2232 utrum
782 2185 916 2233 vobis
929 2187 1162 2250 placuerit
1177 2199 1232 2234 ut
1247 2188 1434 2235 faciam.
1451 2187 1591 2235 Nunc
1606 2186 1851 2234 humiliter
1860 2186 2022 2250 depre-

609 2281 692 2312 cor
712 2264 936 2327 pietatem
959 2275 1162 2311 vestram
1185 2275 1239 2312 ut
1260 2283 1337 2312 me
1367 2265 1491 2330 apud
1523 2263 2019 2312 misericordissimum

654 2487 705 2531 (1)
728 2484 821 2520 Cod.
841 2497 989 2520 censum
1007 2487 1070 2520 vel
1086 2487 1261 2522 tributum
1271 2505 1280 2528 ;
1295 2488 1383 2523 edit.
1402 2499 1517 2522 causa
1531 2487 1596 2522 vel
1609 2487 1743 2522 tributo
1758 2503 1767 2526 ;
1787 2484 1850 2520 sed
1867 2484 2021 2520 D.-Bou·

611 2552 710 2593 quet,
733 2546 897 2592 quamvis
913 2544 1076 2579 codicem
1096 2558 1169 2581 non
1188 2547 1420 2595 inspexisset,
1439 2553 1570 2595 argute
1587 2546 1625 2581 in
1645 2546 1741 2583 notis
1758 2543 2018 2591 corrigendum

613 2604 784 2649 proponit
798 2603 937 2649 absque
950 2616 1071 2638 censu.

657 2665 706 2708 (α)
731 2663 822 2698 cod.
843 2665 1022 2709 plcnis....
1043 2665 1204 2698 valeam.

659 2721 706 2764 ’3)
731 2722 821 2757 (jod.
840 2737 868 2755 ν.
886 2726 1041 2766 primum
1063 2729 1116 2757 es!
1135 2737 1152 2754 r
