2105 3348
532 301 581 338 24
960 298 1213 337 EINHARDI
1247 299 1516 338 EPISTOLAE.

526 380 704 428 obnixe
731 381 961 445 deprecor
981 389 1035 424 ut
1054 380 1311 444 scriptum,
1340 379 1471 445 quod
1494 380 1578 426 tibi
1607 383 1741 439 misi,
1771 384 1944 430 iterum

525 458 732 523 relegere
749 468 892 522 atque
910 457 1174 522 intelligere
1194 456 1351 521 [velis]
1366 493 1378 514 ‚
1395 456 1626 523 mihique,
1651 460 1771 506 sicut
1789 471 1833 507 te
1845 464 1945 525 jam

523 535 703 581 (ludum
725 553 809 599 per
832 534 1012 581 litteras
1036 552 1158 581 meas
1182 536 1370 599 rogavi,
1393 534 1508 600 quid
1531 534 1615 581 tibi
1643 535 1698 583 de
1720 537 1795 583 illa
1816 555 1945 584 reve-

524 610 699 657 latione
723 621 866 675 atque
883 610 1115 657 mandatis
1128 647 1141 668 ‚
1163 611 1336 676 quibus
1360 611 1620 659 obstrictus
1640 630 1744 658 sum
1757 649 1772 672 ,
1789 613 1945 660 videa-

520 697 627 742 tur,
662 686 925 734 rescribere
957 705 1057 735 non
1081 689 1287 752 graveris
1312 689 1400 751 (1).
1431 688 1542 736 Non
1569 687 1772 735 deerunt
1793 690 1944 753 perla-

520 776 646 810 tores
664 800 676 821 ‚
723 766 758 811 si
794 764 886 812 hoc
916 765 1047 831 quod
1083 766 1324 830 scripseris
1358 766 1598 822 Bonotto,
1642 764 1944 814 vicedomino

518 851 705 899 nostro,
740 843 930 890 mittere
957 842 1182 891 volueris.
1204 843 1331 908 Opto
1355 855 1411 890 ut
1435 861 1619 908 semper
1645 843 1768 890 bene
1796 843 1945 890 valeas

520 920 567 965 in
593 920 801 968 Domino
827 921 928 984 (2),
958 922 1194 969 carissime
1219 933 1361 986 atque
1386 923 1704 968 amantissime
1732 922 1878 969 frater
1898 933 1945 968 et

519 998 731 1046 domine.

700 1309 786 1347 XV.
822 1309 874 1346 IN
907 1309 1131 1348 PERSONA
1163 1309 1318 1348 BOMAE
1349 1311 1415 1348 AD
1445 1309 1762 1348 BLlDTHRUT.

586 1415 914 1462 Dilectissimae
938 1416 1092 1464 sorori
1127 1415 1395 1474 Blidthrut,
1431 1417 1578 1464 Boma
1612 1417 1686 1481 (5)
1718 1416 1863 1462 amica
1898 1426 1945 1462 et

520 1492 642 1541 bene
678 1493 872 1557 cupiens
906 1503 1016 1550 tua,
1045 1504 1273 1541 aeternam
1309 1494 1357 1540 in
1392 1495 1602 1543 Domino
1639 1494 1855 1541 salutem.
1882 1522 1947 1530 —

523 1570 725 1632 Quidam
753 1588 914 1618 servus
934 1582 1087 1619 vester
1105 1571 1162 1619 de
1184 1571 1437 1619 Makesbah
1454 1609 1467 1629 ,
1498 1573 1694 1620 nomine
1715 1573 1915 1620 Wenilo
1928 1608 1942 1629 ‚

521 1648 771 1714 quamdam
793 1650 864 1712 (4)
897 1648 1097 1696 liberam
1122 1650 1352 1697 seminam
1378 1651 1559 1715 accepit
1581 1650 1668 1697 sibi
1694 1655 1744 1697 in
1770 1652 1945 1714 conju-

521 1728 671 1791 gium,
694 1737 741 1774 et
759 1726 904 1775 modo
922 1727 1138 1775 timendo
1158 1728 1277 1774 iram
1297 1738 1518 1785 vestram,
1541 1728 1683 1774 simul
1697 1739 1744 1775 et
1760 1727 1943 1776 domini

522 1805 591 1851 sui
611 1803 866 1863 Albuuini‚
889 1805 1108 1870 confugit
1125 1806 1181 1852 ad
1201 1806 1366 1852 limina
1386 1817 1660 1854 sanctorum
1680 1805 1943 1853 Marcellini

522 1892 566 1928 et
597 1882 742 1929 Petri.
781 1883 875 1929 Pro
909 1899 1007 1947 quo
1034 1900 1155 1948 rogo
1184 1884 1428 1930 caritatem
1463 1893 1594 1929 tuam
1625 1895 1679 1929 ut
1711 1900 1812 1930 mea
1844 1882 1946 1928 vice

521 1959 646 2024 apud
672 1960 808 2006 illum
841 1960 1134 2008 intercedere
1167 1962 1404 2026 digneris,
1439 1972 1673 2027 quatenus
1698 1962 1739 2008 ei
1777 1961 1942 2017 liceat,

1810 2087 1935 2094 ‘2⁷-

567 2160 618 2202 (1)
641 2158 735 2194 Cod.
756 2171 830 2193 non
850 2171 1036 2205 gravet-es.

565 2220 616 2265 (2)
642 2219 702 2254 Sic
719 2218 845 2254 codex.
867 2219 966 2255 Edit.
988 2233 1019 2255 ο.
1038 2233 1107 2255 vos
1125 2233 1155 2254 s.
1177 2220 1267 2255 bene
1286 2223 1321 2254 ιή
1342 2221 1390 2255 D.
1408 2221 1547 2256 valere.

563 2275 614 2322 (3)
639 2276 824 2320 pertzius,
851 2278 905 2312 vir
930 2278 1053 2312 eximii
1080 2279 1279 2322 acuminis,
1306 2278 1369 2313 h'1c
1391 2290 1459 2326 pro
1485 2278 1618 2321 Roma,
1641 2277 1777 2320 Imma,
1803 2288 1938 2311 nomen

517 2335 695 2371 Einhardi
711 2337 847 2380 uxoris,
863 2336 1061 2385 legendum
1077 2344 1195 2384 putat.
1211 2337 1300 2375 Vid.
1315 2338 1355 2373 E
1356 2337 1508 2373 inhardz'
1516 2339 1643 2380 vitam,
1657 2338 1755 2372 inter
1770 2337 1936 2371 Manum.

516 2395 641 2430 Germ.
663 2394 751 2430 hist.
773 2395 907 2443 Script.
933 2397 988 2440 II,
1010 2409 1043 2443 p.
1068 2399 1154 2444 429,
1174 2409 1211 2431 n.
1233 2397 1289 2439 48.

561 2454 611 2499 (4)
636 2453 729 2489 Cod.
752 2455 942 2501 quandam
954 2472 962 2495 ;
976 2462 1014 2490 et
1032 2456 1083 2490 sic
1100 2456 1139 2490 in
1153 2455 1322 2503 plurimis
1341 2455 1422 2490 aliis
1439 2455 1600 2497 vocibus,
1621 2454 1823 2501 quendam,
1847 2467 1937 2489 eun—

513 2512 596 2547 dem
608 2541 616 2556 ‚
634 2514 787 2559 inpulit,
807 2521 897 2559 etc.‚
918 2515 1081 2550 litteram
1101 2529 1126 2550 n
1144 2527 1212 2563 pro
1233 2529 1269 2550 m
1283 2522 1496 2563 usurpatam
1514 2516 1693 2563 reperias3
1712 2527 1796 2550 cum
1814 2521 1938 2550 autem

510 2574 612 2608 hunc
630 2574 815 2609 scribendi
835 2574 987 2610 modum
1007 2577 1211 2623 exscriptor
1227 2582 1436 2611 constanter
1454 2588 1528 2610 non
1549 2583 1695 2610 secutus
1713 2576 1776 2618 sit,
1800 2575 1937 2622 ubique

508 2645 612 2668 voces
640 2633 686 2669 ad
716 2634 873 2669 formam
900 2637 1016 2682 magis
1041 2635 1138 2683 apud
1167 2648 1232 2671 nos
1259 2636 1432 2671 usitatam
1458 2635 1685 2671 reducendas
1715 2635 1933 2670 curavimus.

509 2694 622 2736 Item,
643 2692 771 2728 eadem
791 2694 951 2738 ratione,
974 2708 1083 2730 carus
1107 2707 1173 2742 pro
1198 2695 1331 2739 karus,
1360 2696 1505 2730 illuster
1525 2707 1593 2742 pro
1616 2696 1782 2737 inluster,
1803 2697 1936 2729 asseri!

506 2765 573 2798 pro
592 2753 749 2796 adserit,
777 2760 843 2789 cle.
867 2767 1010 2802 semper
1030 2755 1241 2800 scribimus,
1267 2768 1348 2790 cum
1373 2756 1447 2790 haec
1464 2755 1571 2791 verba
1592 2763 1750 2804 utroque
1767 2753 1876 2790 modo
1897 2754 1933 2788 in

505 2812 628 2848 codice
649 2814 780 2859 scripta
801 2815 884 2849 sint.
