2105 3348
600 297 678 332 ‘280
904 290 1148 328 HISTORIA
1178 289 1598 339 TRANSLATIONIS,
1631 307 1711 334 E'rc.

597 390 649 416 nc
680 368 848 416 talibus
872 386 946 413 me
973 366 1128 413 verbis
1147 368 1447 431 compellavit
1470 389 1479 413 ε
1507 369 1664 417 «Vide
1682 407 1695 428 ,
1722 372 1879 435 inquit
1896 408 1908 428 ,
1933 372 2014 418 Al-

597 447 754 501 bricc,
783 455 836 490 ut
860 454 1029 490 cuncta
1046 462 1153 508 quae
1182 443 1267 490 tibi
1288 444 1479 501 dixero,
1507 444 1629 492 bene
1647 446 1908 512 intelligas,
1932 467 2013 495 ea-

596 540 688 587 que
714 520 828 567 adeo
851 521 1001 567 tenaci
1019 521 1245 567 memoria
1273 521 1502 577 retineas,
1529 533 1581 568 ut
1611 523 1754 569 etiam
1771 523 1872 569 aliis
1888 559 1902 580 ,
1927 525 2009 588 qui

596 599 668 645 illa
690 598 915 662 scripturi
941 609 1071 655 sunt,
1093 615 1330 663 exponere
1349 599 1516 645 valcas.
1535 600 1663 648 Volo
1687 601 1815 648 enim
1836 611 1886 647 ut
1904 603 2013 647 scri-

592 676 793 734 bantur,
828 687 874 724 et
913 676 1198 725 Hludowico
1242 678 1515 741 imperatori
1551 678 1606 724 ad
1649 678 1902 743 legendum
1928 698 2015 744 per

592 756 826 802 seniorem
847 765 1057 801 vestrum
1077 755 1391 802 ostendantur
1413 777 1422 802 :
1451 767 1564 802 sunt
1581 759 1758 822 quippe
1777 757 1909 805 valde
1931 776 2016 806 ne-

591 833 783 878 ccssaria
809 849 907 878 non
933 832 1087 879 solum
1106 833 1161 878 ad
1180 832 1592 897 cognoscendum,
1616 852 1782 881 verum
1803 835 1943 881 etiam
1957 835 2013 881 ad

589 909 861 956 faciendum
903 910 1108 974 principi
1129 945 1141 966 ,
1180 910 1228 955 in
1265 913 1336 974 cuj
1347 927 1396 955 us
1435 928 1640 975 regnum
1667 911 1743 957 isti
1780 911 2014 975 Martyres

586 987 744 1035 divina
760 989 971 1052 jussione
992 999 1243 1036 venerunt.
1268 1009 1290 1031 >1

649 1319 729 1364 48.
770 1336 792 1360 «
813 1317 951 1362 Tunc
978 1316 1227 1380 incipiens,
1248 1314 1465 1362 duodena
1487 1314 1558 1361 vel
1577 1331 1633 1361 eo
1658 1314 1859 1378 amplius
1884 1314 2013 1378 capi-

585 1396 681 1442 tula
705 1389 1026 1459 perordinem
1043 1394 1402 1458 pronuntiavit3
1423 1392 1639 1458 mihique
1658 1393 1917 1457 praecepit,
1954 1402 2010 1437 ut

584 1472 672 1520 tibi
691 1484 739 1520 et
764 1473 864 1519 aliis
886 1484 1111 1537 quatuor,
1134 1489 1252 1537 quos
1282 1471 1368 1518 tibi
1401 1471 1615 1517 dicturus
1633 1489 1738 1517 sum
1756 1509 1766 1528 ‚
1790 1471 1865 1517 illa
1885 1488 2012 1517 enu-

584 1568 765 1598 merem
787 1561 928 1615 atque
946 1567 1180 1614 exponam
1198 1569 1211 1606 ;
1233 1560 1278 1596 et
1295 1560 1401 1613 post
1416 1548 1517 1596 haec
1540 1559 1590 1595 tu
1610 1549 1827 1596 libellum
1846 1548 2006 1605 facias,

585 1647 789 1694 eumque
824 1628 1000 1676 seniori
1041 1638 1155 1683 tuo,
1182 1628 1263 1692 qui
1301 1644 1433 1674 nunc
1467 1627 1516 1672 in
1553 1627 1730 1691 palatio
1758 1637 2007 1682 moratur,

584 1707 790 1763 deferas;
820 1707 958 1771 eique
982 1723 1037 1752 ex
1058 1706 1329 1770 Martyrum
1352 1705 1636 1752 auctoritate
1659 1705 1905 1769 praecipias
1921 1741 1932 1761 ,
1956 1714 2012 1750 ut

586 1786 830 1842 eumdem,
857 1794 1043 1850 quanto
1072 1784 1269 1830 celerius
1301 1784 1474 1847 possit,
1517 1783 1793 1847 imperatori
1821 1783 2006 1830 offerat.

585 1862 767 1910 Deinde
790 1860 1082 1926 subjungens
1103 1881 1112 1906 :
1145 1860 1411 1916 «Nostine,
1442 1861 1626 1924 inquit,
1654 1859 1761 1925 quis
1782 1877 1870 1924 ego
1888 1860 1976 1905 sim
1995 1895 2008 1915 ,

586 1941 668 2006 qui
690 1937 778 1986 tibi
795 1939 878 1985 ista
895 1939 1126 2002 praecipio
1136 1936 1356 1983 P—Tum
1372 1955 1460 2002 ego
1482 1936 1602 1984 nihil
1622 1936 1862 1993 haesitans,
1879 1954 2013 1983 sanc-

586 2028 691 2063 tum
708 2016 1044 2063 Marcellinum
1070 2033 1180 2062 eum
1200 2033 1295 2063 esse
1318 2015 1562 2080 respondi.
1581 2043 1646 2052 --
1664 2015 1729 2062 Et
1750 2015 1828 2062 illc
1855 2035 1865 2061 ε
1899 2015 2010 2063 Non

588 2095 650 2140 ita
677 2104 774 2150 est,
806 2093 993 2157 inquit,
1029 2102 1081 2138 ut
1108 2093 1319 2156 opinaris
1336 2127 1347 2147 ,
1377 2091 1456 2138 sed
1477 2092 1669 2138 Gabriel
1700 2091 2010 2156 archangelus

588 2189 675 2235 ego
700 2188 835 2226 sum;
866 2187 1214 2234 personamque
1238 2188 1290 2216 ac
1314 2169 1520 2217 formam
1547 2170 1809 2217 Marcellini
1832 2169 2010 2217 idcirco

589 2248 813 2311 assumpsi
834 2284 846 2303 ,
878 2249 987 2312 quia
1022 2247 1258 2293 Dominus
1279 2248 1405 2293 Deus
1439 2247 1659 2293 omnium
1684 2263 1847 2292 rerum
1869 2257 2012 2312 atque

589 2343 833 2374 causarum
859 2324 915 2371 ad
941 2326 1054 2370 istos
1081 2325 1316 2388 Martyres
1335 2325 1679 2389 pertinentium
1702 2342 1865 2371 curam
1891 2324 2007 2371 mihi

588 2403 857 2457 commisit;
884 2412 931 2449 et
949 2419 1079 2447 nunc
1105 2403 1245 2458 veni,
1273 2412 1326 2446 ut
1352 2401 1451 2449 haec
1485 2401 1572 2448 libi
1606 2402 1866 2449 indicarem
1901 2420 2009 2467 quae

587 2480 794 2529 scribere
825 2480 1057 2544 praecepi,
1096 2480 1326 2545 quoniam
1353 2480 1529 2527 divinae
1564 2481 1826 2528 voluntatis
1850 2493 1918 2528 est
1955 2492 2009 2527 ut

588 2577 637 2606 ea
658 2577 712 2606 ex
736 2557 1020 2604 auctoritate
1040 2573 1207 2605 eorum
1231 2556 1286 2602 ad
1308 2558 1531 2604 notitiam
1557 2558 1679 2623 regis
1694 2594 1706 2615 ,
1736 2559 1837 2605 sine
1857 2576 2011 2606 mora-

587 2654 695 2682 rum
730 2634 1124 2699 interpositione,
1157 2636 1456 2698 perveniant.
1485 2637 1559 2681 Tu
1582 2653 1725 2692 vero,
1767 2637 1889 2681 sicut
1920 2634 2004 2681 tibi

585 2713 787 2778 praecepi
806 2748 819 2769 ,
844 2713 1001 2777 primo
1026 2712 1237 2759 diluculo
1255 2725 1362 2777 post
1394 2714 1686 2778 completum
1711 2715 2004 2760 matutinum

586 2793 831 2853 officium,
858 2792 1024 2837 nuntia
1065 2809 1172 2857 quae
1199 2792 1367 2839 audisti
1406 2793 1474 2839 his
1496 2793 1670 2857 quibus
1703 2811 1750 2840 ea
1779 2793 2004 2839 nuntiare
