2105 3348
1143 456 1516 515 HISTORIA

690 608 1086 649 TRANSLATIONIS
1117 606 1401 646 BEATORUM
1433 605 1640 643 CHRISTI
1670 604 1967 643 MARTYRUM

803 738 1331 809 MARCELLINI
1373 738 1481 801 ET
1518 735 1793 802 PETRI.
1819 728 1867 771 “³

1282 913 1395 922 -η

1182 1033 1491 1078 PROLOGUS.

699 1153 715 1195 4
735 1184 743 1195 .
774 1147 906 1194 Veris
926 1146 1023 1191 veri
1046 1144 1128 1190 Dei
1152 1141 1416 1189 cultoribus
1430 1178 1442 1197 ‚
1465 1152 1512 1188 et
1527 1142 1635 1187 Jesu
1653 1139 1825 1186 Christi
1846 1140 2041 1186 Domini

633 1226 782 1273 nostri
807 1225 1184 1286 Sanctorumque
1204 1226 1300 1284 ejus
1324 1237 1423 1266 non
1449 1220 1569 1266 fictis
1589 1217 1903 1276 amatoribus,
1932 1219 2045 1265 Ein-

634 1303 804 1350 hardus
823 1311 1059 1367 peccator.
1083 1329 1144 1335 —
1161 1299 1253 1359 Qui
1279 1299 1397 1343 vitas
1414 1308 1460 1344 et
1482 1297 1600 1343 facta
1619 1300 1877 1361 justorum,
1901 1314 1951 1342 ac
1972 1314 2044 1344 se-

634 1381 844 1428 cundum
889 1379 1046 1425 divina
1085 1377 1301 1423 mandata
1339 1376 1725 1422 conversantium
1765 1374 2041 1430 hominum,

633 1460 802 1506 litteris
826 1476 877 1504 ac
900 1458 1143 1503 memoriae
1165 1455 1528 1509 mandaverunt,
1548 1470 1648 1499 non
1671 1452 1797 1498 aliud
1820 1451 1937 1498 mihi
1957 1453 2045 1498 effi-

634 1555 736 1584 cere
756 1536 956 1583 voluisse
981 1534 1231 1589 videntur,
1262 1533 1351 1578 nisi
1379 1542 1433 1577 ut
1455 1531 1511 1577 ad
1534 1530 1852 1577 emendandos
1876 1547 2044 1594 pravos

632 1628 787 1658 mores
803 1646 812 1664 ,
836 1620 881 1656 et
905 1606 1260 1655 collaudandam
1280 1606 1362 1653 Dei
1383 1605 1783 1668 omnipotentiam
1799 1640 1812 1661 ,
1830 1622 1914 1668 per
1927 1607 1965 1668 ej
1975 1622 2046 1650 us-

632 1687 761 1734 modi
800 1686 1036 1750 exempla‚
1088 1700 1504 1749 quorumcumque
1544 1683 1725 1728 animos
1771 1683 2040 1728 incitarent.

632 1767 962 1829 Feceruntque
1002 1763 1116 1820 hoc,
1144 1780 1244 1809 non
1279 1762 1432 1808 solum
1466 1761 1573 1825 quia
1606 1761 1756 1807 livore
1791 1758 2042 1817 carebant,

633 1842 709 1889 sed
733 1843 842 1908 quia
868 1842 1077 1897 caritate,
1103 1857 1211 1904 quae
1236 1837 1460 1885 omnibus
1481 1838 1615 1901 cupit
1634 1855 1728 1883 esse
1751 1837 2040 1895 consultum,

631 1920 874 1985 granditer
896 1917 1221 1964 abundabant.
1235 1919 1456 1978 Quorum
1474 1915 1702 1962 laudabile
1725 1917 2042 1980 propositum,

632 1999 741 2064 quia
779 2009 873 2043 tam
916 1997 965 2042 in
1004 1995 1261 2061 propatulo
1287 2006 1355 2042 est
1381 2006 1458 2048 ut,
1493 2005 1669 2059 praeter
1694 2011 1746 2040 ea
1778 2012 1885 2059 quae
1918 1995 2042 2051 dixi,

631 2074 753 2121 nihil
773 2074 901 2121 aliud
920 2090 999 2121 eos
1021 2073 1183 2120 moliri
1207 2072 1411 2119 voluisse
1436 2072 1721 2118 lucidissime
1740 2070 1938 2129 clareat,
1962 2089 2047 2118 cur

631 2169 655 2197 a
678 2152 842 2198 multis
867 2151 1043 2197 imitari
1076 2168 1176 2197 non
1208 2148 1401 2205 debeat,
1436 2150 1635 2197 omnino
1668 2166 1768 2196 non
1802 2149 1952 2196 video.
1978 2148 2046 2194 Ac

633 2226 835 2292 proinde
862 2227 971 2292 quia
995 2226 1114 2273 mihi
1143 2227 1359 2274 conscius
1382 2244 1512 2284 sum,
1534 2225 1664 2291 quod
1687 2224 1825 2282 libri,
1847 2243 1966 2289 quos
1989 2224 2047 2271 de

635 2305 944 2352 translatione
982 2322 1242 2369 corporum
1283 2304 1533 2352 beatorum
1567 2304 1742 2350 Christi
1777 2313 2047 2368 martyrum

634 2382 897 2429 Marcellini
923 2392 970 2428 et
992 2382 1145 2440 Petri,
1168 2382 1407 2447 signisque
1436 2399 1488 2427 ac
1511 2379 1798 2438 virtutibus,
1827 2398 1935 2445 quae
1961 2397 2047 2443 per

633 2476 711 2505 eos
736 2458 968 2506 Dominus
986 2458 1041 2504 ad
1069 2458 1265 2505 salutem
1291 2458 1587 2505 credentium
1622 2457 1724 2504 fieri
1748 2456 1927 2515 voluit,
1953 2473 2047 2522 qua

634 2537 767 2600 potui
790 2535 1012 2583 facultate
1032 2537 1318 2601 conscripsi,
1336 2536 1494 2584 eadem
1515 2546 1627 2582 sunt
1643 2535 1887 2583 voluntate
1905 2544 2046 2599 atque

680 2717 727 2761 (†)
755 2716 874 2762 Hujus
893 2716 1141 2751 translationis
1160 2716 1351 2751 historiam
1371 2729 1413 2752 ex
1432 2716 1676 2759 Bollandistis,
1699 2716 1797 2750 Acta
1813 2721 2043 2757 sanctorum,

637 2782 723 2809 tom.
745 2775 875 2821 Ijunii
903 2776 970 2810 col.
1000 2775 1057 2811 181
1089 2782 1125 2810 et
1150 2787 1224 2823 seq.
1251 2775 1479 2820 recudimus:
1507 2776 1553 2812 de
1575 2776 1738 2822 ejusdem
1764 2774 1985 2810 editionibus
2010 2781 2047 2809 et

633 2834 818 2869 codicibus
840 2835 970 2870 videsis
986 2836 1243 2883 prolegomena
1263 2843 1396 2871 nosti-a.
