2105 3348
611 305 687 343 168
982 302 1047 337 AD
1078 297 1331 336 EINHARDI
1361 297 1627 335 EPISTOLAS

609 382 857 425 solationem
895 380 1127 436 recipiant,
1162 376 1224 419 vel
1256 376 1307 418 de
1337 376 1428 427 his,
1457 376 1531 434 qui
1561 387 1734 435 propter
1765 392 1838 419 sua
1867 378 2013 434 proxi-

608 473 828 501 morumve
874 465 1045 515 peccata
1061 488 1071 505 ,
1111 453 1336 497 salubriter
1373 453 1637 510 affliguntur,
1681 464 1854 513 propter
1897 453 2014 512 quod

608 536 721 578 illius
748 533 885 576 felicis
912 534 1006 576 vitae
1037 531 1284 574 dilationem
1304 565 1313 581 ,
1350 531 1420 572 cui
1449 531 1558 572 votis
1589 529 1787 572 omnibus
1824 530 2012 589 suspira-

608 629 724 663 mus,
767 611 997 654 rectissime
1034 608 1304 667 intelligitur.
1350 607 1537 650 Proinde
1576 616 1763 665 petentes
1797 608 2014 666 quondam

607 689 729 731 uxori
752 687 1023 746 refrigerium
1042 687 1365 745 sempiternum,
1385 701 1480 743 quae
1498 694 1694 737 mortem,
1711 693 1759 726 ut
1784 684 2013 736 credimus,

608 780 695 806 non
713 764 918 816 incurrit,
940 763 1012 806 sed
1029 764 1166 814 exuit,
1188 761 1306 804 vobis
1325 762 1573 821 patientiam
1593 771 1632 803 et
1650 762 1692 803 in
1708 761 1832 803 bonis
1854 762 2018 804 actibus

606 841 961 899 perseverantiam
990 850 1115 897 atque
1148 838 1388 897 profectum
1420 837 1626 896 postulate
1654 854 1677 879 a
1708 838 1897 880 Domino
1926 839 2017 880 Deo

607 927 770 969 nostro,
783 928 824 960 et
837 917 951 960 dieto
965 917 1089 959 citius
1107 915 1443 958 consolationem
1459 924 1593 957 vestro
1612 914 1811 957 infundet
1828 916 2015 974 pectori,

606 995 662 1037 ita
679 1004 724 1037 ut
737 993 1179 1053 audiatisApostolum
1199 994 1494 1036 cohortantem
1511 1011 1518 1034 :
1537 1011 1555 1031 «
1570 993 1761 1035 Gaudete
1774 994 1818 1034 in
1829 993 2017 1035 Domino

605 1087 786 1130 semper.
811 1072 971 1114 Iterum
997 1072 1118 1124 dico,
1159 1071 1340 1129 gaudete
1367 1071 1430 1127 (1)
1453 1089 1491 1112 ».
1517 1071 1608 1128 Ego
1643 1087 1741 1113 sane
1775 1071 1892 1129 quod
1925 1070 2020 1129 dig-

606 1149 694 1192 nati
728 1150 826 1192 estis
851 1159 1011 1191 vestros
1035 1159 1156 1192 aestus
1179 1164 1348 1191 mecum
1376 1150 1695 1191 communicare
1715 1183 1724 1201 ,
1757 1149 1957 1192 attentius
1980 1158 2020 1191 et

605 1242 684 1286 pro
707 1226 780 1269 illa
802 1237 843 1270 et
866 1243 944 1285 pro
976 1226 1096 1268 vobis
1119 1225 1357 1284 supplicare
1387 1225 1592 1268 conabor.
1628 1225 1795 1280 Credo,
1827 1227 2021 1284 quamvis

605 1321 693 1347 non
725 1321 821 1347 meo
849 1305 1026 1355 merito,
1060 1313 1197 1345 vestra
1231 1311 1372 1345 tamen
1408 1303 1547 1345 Deum
1583 1303 1823 1346 humilitate
1847 1304 2021 1363 placan-

605 1381 732 1435 dum,
760 1382 857 1439 qui,
883 1381 1040 1439 absque
1064 1389 1255 1438 respectu
1279 1389 1425 1422 vestrae
1448 1380 1780 1438 magnitudinis,
1807 1397 1905 1423 cum
1927 1388 2043 1423 mea'

606 1459 809 1517 parvitate
845 1458 1040 1501 conferre
1078 1469 1162 1501 tam
1192 1458 1300 1500 seria
1333 1473 1419 1499 non
1456 1458 1698 1501 horruistis.
1730 1459 1935 1511 Ostendi,
1975 1469 2021 1501 ut

605 1537 749 1594 potui,
774 1546 815 1579 et
849 1536 1037 1578 humana
1060 1535 1389 1578 ratiocinatione
1405 1569 1414 1587 ,
1435 1545 1475 1577 et
1494 1535 1649 1579 divinis
1667 1536 1993 1579 auctoritatibus
2009 1570 2019 1588 ,

605 1630 691 1656 non
718 1630 792 1656 vos
817 1614 1037 1656 exauditos
1059 1613 1113 1655 ad
1137 1624 1283 1656 votum
1319 1615 1528 1672 patienter
1562 1614 1788 1658 ferendum
1807 1650 1816 1667 ,
1840 1615 2022 1658 doloris-

605 1708 687 1749 que
714 1692 870 1735 vulnus
885 1726 895 1745 ,
915 1692 1032 1750 quod
1051 1692 1373 1734 inremediabile
1395 1692 1636 1746 videbatur,
1657 1694 2021 1752 quemadmodum

606 1769 793 1827 mitigari
816 1779 968 1828 posset.
991 1770 1150 1811 Vestrae
1168 1768 1406 1827 prudentiae
1424 1785 1471 1811 ae
1491 1769 1624 1812 solitae
1642 1769 1905 1827 dignationis
1923 1771 2019 1822 erit,

606 1863 699 1903 qua]
719 1847 786 1904 pia
806 1847 1043 1888 intentione
1064 1861 1151 1887 non
1173 1845 1381 1897 docendi,
1410 1845 1482 1887 sed
1506 1846 1874 1889 commemorandi
1897 1862 2023 1889 causa

606 1923 779 1981 profusa
805 1934 927 1975 sunt,
958 1938 1075 1980 aeque
1107 1924 1176 1980 pia
1210 1931 1350 1964 mente
1386 1922 1600 1975 lectitare,
1632 1932 1673 1965 et
1696 1923 1730 1965 si
1761 1939 1846 1982 qua
1879 1924 1923 1965 in
1957 1923 2023 1964 his

607 2001 699 2058 capi
723 2001 853 2058 possit
873 1999 1033 2042 utilitas
1048 2033 1058 2052 ,
1083 2014 1159 2057 pro
1175 1998 1273 2056 jure
1298 2000 1495 2042 amicitiae
1516 2010 1695 2043 vestram
1715 2000 1933 2059 deputare.

665 2076 879 2119 Libellum
900 2077 971 2118 De
993 2077 1222 2118 adoranda
1253 2093 1378 2118 cruce
1405 2079 1492 2133 (2),
1527 2093 1621 2119 meo
1645 2078 1812 2135 judicio
1844 2078 2022 2120 utilissi—

607 2167 724 2193 mum
743 2185 752 2203 ,
778 2168 904 2210 quem
930 2168 1024 2194 meo
1047 2152 1212 2194 nomini
1239 2151 1464 2195 dedicastis
1479 2189 1489 2205 ,
1510 2164 1557 2195 ut
1573 2170 1651 2212 par
1672 2154 1754 2196 fuit
1770 2189 1779 2207 ,
1807 2155 2024 2214 amplexus

609 2244 716 2269 sum.
742 2229 881 2286 Atque
900 2230 1063 2270 utinam
1087 2245 1251 2271 morem
1273 2229 1379 2271 mihi
1405 2241 1621 2287 gerentes,
1656 2232 1716 2273 sic
1738 2232 1882 2273 omnia
1902 2248 2022 2290 quee—

610 2321 780 2362 cunquc
803 2305 855 2346 ab
893 2306 1014 2347 initio
1040 2306 1266 2348 enodanda
1291 2307 1412 2349 vobis
1437 2307 1560 2359 misi,
1585 2307 1651 2349 vel
1674 2308 1756 2350 hoc
1793 2324 1907 2350 anno
1930 2308 2024 2351 reli-

609 2383 707 2439 qui,
736 2383 898 2439 aperire
936 2398 1021 2424 non
1056 2385 1357 2439 gravaremini.
1385 2383 1584 2427 Profecto
1618 2401 1704 2427 non
1728 2386 1836 2427 mihi
1860 2385 2021 2438 solum,

611 2458 682 2499 sed
719 2459 862 2501 multis
886 2459 1054 2502 videtur
1086 2461 1155 2503 hic
1181 2461 1304 2503 labor
1326 2461 1541 2520 prodesse.
1567 2464 1733 2504 Tamen
1766 2473 1807 2505 et
1834 2479 1911 2523 pro
1940 2463 2023 2505 hoe

612 2536 726 2593 quod
760 2537 1008 2578 nune—mihi
1036 2553 1112 2579 nec
1139 2540 1333 2597 opinanti
1359 2540 1554 2591 misistis,
1581 2549 1621 2582 et
1644 2556 1721 2598 pro
1745 2539 1838 2582 aliis
1867 2540 2024 2599 quibus

656 2707 705 2749 (ι)
729 2705 785 2739 Cf.
806 2705 907 2739 Paul.
931 2706 975 2739 ad
993 2705 1153 2752 Philipp.
1175 2718 1222 2749 tv,
1247 2710 1278 2749 4.

654 2770 704 2811 (2)
729 2769 798 2804 Cet
819 2781 977 2816 ouvrage
1001 2761 1227 2816 d’Eginhard
1252 2783 1296 2806 ne
1317 2783 1408 2807 nous
1433 2779 1486 2807 cst
1510 2772 1613 2819 point
1639 2784 1810 2819 parvenu.
1833 2771 1953 2816 Voyez
1973 2769 2023 2806 les

610 2831 900 2878 Protegomtuws.
