2105 3348
559 298 636 335 342
859 297 1098 336 HISTORIA
1129 297 1550 345 TRANSLATIONIS,
1583 312 1664 336 mc.

1109 474 1274 512 CAPUT
1303 473 1419 512 VIII.

556 627 742 664 Mil-acula
766 626 939 664 Gandavi
955 655 965 672 ,
989 627 1026 663 in
1049 627 1275 664 monasterio
1295 626 1332 663 S.
1356 625 1541 672 BavoniS,
1569 625 1618 663 ad
1639 625 1819 677 reliquias
1836 625 1969 662 horum

695 692 933 730 Sanctorum.
949 715 1002 721 —-
1016 692 1112 730 Caeci
1130 701 1213 731 octo
1234 693 1452 731 illuminati.
1483 692 1558 730 Alii
1579 693 1666 745 aegri
1689 691 1827 742 adjuti.

623 850 701 896 76.
735 848 871 895 Alter
900 847 1091 896 libellus
1122 846 1241 894 mihi
1274 846 1461 895 oblatus
1494 857 1563 895 est
1590 847 1649 894 de
1681 847 1974 894 monasterio

558 926 719 972 Sancti
741 925 967 984 Bavonis‚
991 926 1121 989 quod
1144 926 1288 972 situm
1312 936 1381 972 est
1396 926 1532 988 juxta
1562 923 1769 970 Scaldim
1798 924 1846 971 in
1867 924 1974 971 loco

558 1003 720 1050 Gauda
748 1012 944 1059 vocato,
976 1001 1060 1048 ubi
1099 1001 1222 1049 idem
1260 1003 1411 1049 amnis
1442 1002 1599 1067 Legiae
1630 1001 1818 1048 flumini
1854 1019 1976 1048 con-

552 1081 791 1146 jungitur,
806 1099 831 1126 a
845 1080 1076 1127 fratribus
1098 1079 1276 1127 ibidem
1288 1082 1389 1127 Deo
1406 1078 1744 1136 servientibus,
1766 1096 1976 1144 quorum

557 1168 729 1222 rogatu
757 1157 980 1223 reliquias
1008 1167 1384 1204 memoratorum
1420 1157 1598 1203 Christi
1623 1157 1890 1220 Martyrum
1920 1156 1977 1202 ad

560 1235 683 1282 idem
720 1235 1066 1282 monasterium
1101 1235 1237 1291 misi;
1277 1235 1326 1280 in
1359 1251 1457 1299 quo
1497 1233 1600 1281 haec
1638 1251 1723 1298 per
1756 1233 1977 1280 ordinem

557 1321 686 1376 gesta
709 1322 897 1377 reperta
921 1323 1050 1359 sunt.

624 1389 769 1436 Anno
795 1389 853 1435 ab
884 1389 1214 1436 incarnatione
1243 1389 1439 1436 Domini
1474 1390 1630 1436 nostri
1661 1391 1772 1437 Jesu
1804 1389 1978 1436 Christi

561 1467 960 1531 octingentesimo
995 1467 1222 1513 vicesimo
1258 1477 1454 1523 octavo,
1492 1478 1734 1514 venerunt
1764 1467 1979 1532 reliquiae

561 1555 841 1592 sanctorum
871 1543 1046 1591 Christi
1085 1555 1354 1609 martyrum
1388 1544 1654 1591 Marcellini
1687 1554 1735 1591 et
1759 1545 1885 1591 Petri
1923 1544 1980 1590 ad

563 1618 910 1665 monasterium
946 1618 995 1664 S.
1023 1618 1244 1673 Bavonis‚
1275 1618 1350 1665 die
1375 1618 1550 1682 quinto
1580 1635 1820 1666 nonarum
1846 1618 1980 1682 julii,

560 1696 678 1743 feria
694 1706 840 1753 sexta,
861 1694 1126 1743 indictione
1141 1712 1210 1743 Vl.
1226 1696 1389 1743 Tertia
1406 1713 1520 1742 vero
1543 1695 1636 1753 die,
1660 1695 1707 1741 id
1723 1706 1816 1752 est,
1831 1695 1982 1743 domi-

562 1773 668 1820 nica
691 1773 936 1837 proxima,
965 1790 1074 1837 quae
1097 1773 1192 1818 fuit
1217 1772 1362 1820 tertio
1394 1789 1543 1819 nonas
1567 1772 1734 1836 julias,
1760 1773 1978 1837 quaedam

563 1851 719 1916 puella
743 1868 889 1908 caeca,
924 1852 1124 1897 nomine
1149 1850 1397 1897 Hartlinda
1411 1886 1424 1907 ‚
1452 1850 1510 1897 de
1535 1850 1643 1896 villa
1668 1868 1776 1915 quae
1805 1851 1982 1896 Furse-

562 1947 682 1977 num
700 1929 982 1994 appellatur,
1003 1947 1149 1995 quam
1169 1940 1303 1993 pater
1323 1939 1370 1976 et
1387 1940 1540 1976 mater
1561 1929 1715 1975 testati
1741 1939 1854 1976 sunt
1869 1938 1982 1977 octo

563 2007 700 2055 annis
719 2007 972 2055 oculorum
987 2007 1142 2054 officio
1159 2009 1377 2064 caruisse,
1399 2024 1510 2054 cum
1527 2018 1636 2054 ante
1649 2007 1818 2064 altare,
1842 2024 1983 2071 super

564 2087 694 2152 quod
724 2104 867 2133 sacrae
893 2085 1167 2151 Martyrum
1190 2086 1406 2151 reliquiae
1434 2096 1570 2133 erant
1595 2087 1791 2151 positae,
1816 2085 1984 2132 fuisset

566 2164 764 2211 adducta
778 2199 792 2220 ‚
819 2180 982 2212 coram
995 2162 1221 2211 omnibus
1235 2164 1318 2228 qui
1336 2163 1531 2210 aderant
1542 2199 1555 2221 ,
1572 2164 1725 2210 visum
1738 2200 1752 2221 ‚
1772 2164 1983 2211 Domino

563 2241 818 2287 miserante
830 2275 844 2296 ,
867 2240 1064 2303 recepit.
1087 2241 1202 2287 Inde
1226 2251 1333 2304 post
1351 2239 1450 2288 dies
1469 2251 1599 2296 octo,
1624 2241 1671 2286 id
1690 2250 1760 2286 est
1775 2275 1788 2297 ,
1810 2250 1983 2305 quarto

568 2317 669 2363 idus
694 2316 833 2380 julii,
871 2315 1067 2362 adducta
1104 2326 1173 2363 est
1207 2317 1351 2363 altera
1387 2317 1541 2380 puella
1578 2316 1798 2363 similiter
1831 2334 1980 2373 caeca,

567 2395 762 2443 nomine
786 2392 1065 2450 Helmrada,
1097 2393 1154 2440 de
1180 2394 1289 2440 villa
1320 2394 1472 2458 Magle
1504 2404 1778 2458 nuncupata
1810 2416 1820 2442 :
1852 2397 1983 2459 cujus

564 2483 784 2539 parentes
815 2471 946 2518 deea
970 2471 1241 2518 retulerunt
1256 2507 1268 2527 ‚
1295 2470 1426 2536 quod
1447 2482 1608 2518 octava
1631 2470 1707 2519 die
1730 2482 1983 2538 postquam

565 2551 799 2615 baptizata
831 2548 953 2605 fuit,
991 2547 1145 2594 subita
1177 2549 1388 2596 caecitate
1420 2567 1635 2613 percussa
1669 2550 1747 2596 sit.
1784 2550 1902 2610 Quae
1936 2560 1984 2598 et

566 2629 663 2692 ipsa
687 2626 847 2673 statim
871 2642 1030 2672 coram
1057 2630 1196 2670 sacris
1222 2626 1494 2690 Martyrum
1519 2625 1760 2673 cineribus
1785 2626 1947 2674 lumen
1963 2664 1978 2686 ‚

566 2705 696 2770 quod
714 2707 811 2768 jam
834 2702 1015 2748 dudum
1039 2703 1269 2766 perdidit,
1294 2705 1502 2751 Domino
1519 2704 1608 2751 sibi
1632 2703 1883 2763 reddente,
1909 2723 1981 2752 re-

568 2785 710 2847 cepit.
732 2783 859 2837 Exin
882 2781 956 2828 dic
982 2782 1142 2838 tertia,
1165 2782 1293 2845 quod
1320 2783 1409 2828 suit
1434 2782 1587 2846 pridie
1612 2782 1714 2829 idus
1741 2783 1876 2844 julii,
1900 2800 1980 2829 vc-
