2105 3348
649 271 725 308 234
944 265 1182 304 HlsToRlA
1211 265 1627 313 ΤιὶΑΝειΑΤιοΝιε,
1659 281 1735 306 mc.

644 349 811 414 gaudio
831 357 981 392 tamen
1003 355 1047 391 et
1068 344 1356 391 exultatione
1378 345 1542 408 repleti
1558 381 1571 403 ,
1597 346 1676 392 Dei
1700 348 2038 410 omnipotentis

648 422 1011 471 misericordiam
1043 421 1382 470 collaudabant.

710 581 788 626 28.
803 578 1056 641 Postquam
1071 588 1245 630 autem,
1260 578 1378 623 fama
1398 576 1738 631 crebrescente,
1753 578 2038 641 divulgatum

646 665 714 699 est
742 654 961 717 reliquias
985 654 1132 699 sancti
1159 654 1419 700 Marcellini
1439 655 1662 717 martyris
1687 654 1733 699 in
1758 671 1865 699 eum
1886 654 2040 699 locum

645 748 738 777 esse
751 730 938 784 delatas,
956 746 1050 776 non
1061 729 1212 775 solum
1225 729 1282 776 de
1293 731 1457 778 eodem
1467 730 1570 776 vico
1584 730 1808 793 Aquensi,
1823 740 1868 776 et
1881 729 2042 775 vicinis

643 817 782 870 atque
800 804 1114 869 adjacentibus
1134 806 1255 851 villis
1269 841 1281 862 ,
1315 824 1479 852 verum
1499 807 1638 853 etiam
1663 806 1718 852 de
1742 805 2045 870 longinquio-

644 883 774 930 ribus
798 883 911 930 locis
936 900 986 928 ac
1006 883 1131 947 pagis
1149 883 1264 930 adeo
1284 883 1507 947 frequens
1533 893 1671 946 atque
1692 883 1906 928 immanis
1925 882 2042 928 mul-

646 960 799 1007 titudo
830 971 1106 1024 congregata
1131 971 1197 1006 est
1215 996 1228 1019 ,
1259 972 1313 1006 ut
1335 960 1473 1007 nobis
1497 962 1550 1007 acl
1573 961 1776 1007 officium
1808 960 1856 1005 in
1882 959 2043 1006 eodem

644 1038 854 1085 oratorio
876 1036 1210 1083 celebrandum
1226 1073 1239 1094 ‚
1261 1049 1435 1101 praeter
1451 1039 1734 1102 vespertinas
1753 1037 1888 1083 horas
1908 1047 2045 1100 atque

644 1127 923 1170 nocturnas,
949 1115 1070 1161 haud
1090 1114 1239 1161 facilis
1262 1125 1444 1178 pateret
1471 1116 1714 1161 introitus.
1736 1112 2046 1160 Adduceban-

643 1205 721 1238 tur
741 1193 947 1258 undique
965 1192 1163 1251 debiles,
1187 1204 1232 1239 et
1251 1194 1389 1238 variis
1408 1193 1558 1239 affecti
1581 1192 1904 1255 languoribus,
1926 1191 2046 1236 circa

641 1272 835 1318 oratorii
865 1272 1086 1334 parietes,
1116 1289 1137 1315 a
1166 1271 1450 1334 propinquis
1476 1271 1569 1316 suis
1595 1280 1736 1333 atque
1759 1269 1917 1314 amicis
1942 1267 2045 1314 col-

641 1347 939 1395 locabantur.
968 1347 1161 1394 Videres
1188 1343 1250 1393 iBi
1279 1365 1397 1410 pene
1421 1347 1579 1392 omnia
1607 1345 1940 1391 infirmitatum
1964 1362 2048 1409 ge-

642 1444 778 1482 nera,
807 1443 892 1489 per
914 1427 1140 1472 virtutem
1166 1424 1339 1471 Christi
1373 1425 1599 1481 Domini,
1628 1436 1673 1471 et
1707 1442 1791 1488 per
1822 1423 2047 1470 meritum

643 1502 895 1550 beatissimi
915 1502 1158 1566 Martyris,
1180 1502 1226 1547 in
1245 1502 1377 1548 omni
1403 1519 1515 1548 sexu
1539 1512 1585 1547 et
1607 1511 1743 1547 aetate
1765 1501 1935 1546 curari.
1956 1500 2049 1545 Cae-

644 1580 708 1625 cis
725 1579 847 1625 visus
861 1614 873 1634 ,
894 1578 1068 1624 claudis
1084 1579 1285 1624 incessus
1297 1613 1310 1634 ,
1333 1577 1484 1623 surdis
1508 1577 1717 1632 auditus,
1736 1578 1878 1622 mutis
1895 1593 2048 1623 sermo

642 1656 883 1711 redditur;
914 1656 1158 1720 paralytici
1181 1656 1345 1709 etiam„
1374 1665 1420 1702 et
1454 1655 1534 1718 qui
1560 1655 1706 1701 totius
1737 1654 1949 1717 corporis
1974 1655 2050 1698 vi-

643 1733 773 1779 ribus
792 1734 1021 1788 destituti,
1040 1733 1200 1779 alienis
1216 1733 1431 1779 manibus
1448 1733 1685 1796 apportati
1702 1742 1836 1786 sunt,
1854 1732 2049 1777 sanitate

644 1821 854 1874 recepta,
881 1811 1084 1874 propriis
1108 1810 1302 1873 pedibus
1326 1810 1381 1856 ad
1408 1828 1487 1856 sua
1507 1808 1885 1856 revertebantur.

710 2043 788 2088 29.
827 2043 937 2088 Haec
967 2040 1046 2087 ubi
1066 2042 1122 2088 ad
1148 2042 1293 2105 regias
1315 2059 1448 2088 aures
1468 2042 1697 2087 relatione
1720 2041 1927 2087 Hildoini
1950 2059 2050 2104 per-

647 2117 735 2163 lata
774 2129 908 2172 sunt,
949 2119 1112 2163 statuit
1149 2119 1304 2180 primo
1343 2130 1395 2164 ut
1436 2117 1491 2164 ad
1528 2118 1754 2181 palatium
1788 2135 2019 2183 regressus
2035 2154 2046 2173 ,

648 2196 911 2242 oratorium
928 2207 1166 2251 nostrum,
1181 2198 1226 2242 in
1246 2214 1344 2261 quo
1361 2197 1459 2243 haec
1474 2196 1672 2255 fiebant,
1689 2197 1948 2261 Martyrem
1965 2215 2050 2243 ve-

647 2270 947 2318 nerabundus
974 2274 1212 2319 accederet
1240 2294 1249 2319 :
1283 2274 1360 2321 sed
1387 2292 1445 2320 ne
1470 2273 1513 2319 id
1536 2273 1734 2328 faceret,
1758 2274 1922 2320 eodem
1945 2274 2051 2319 Hil-

648 2348 793 2396 tloino
823 2360 1122 2412 suggerente,
1150 2337 1420 2413 prohibitus
1437 2388 1447 2404 ‚
1474 2351 1529 2396 ad
1555 2355 1780 2413 majorem
1817 2349 2049 2396 basilicam

650 2426 867 2490 reliquias
890 2426 1059 2472 deferri
1082 2430 1326 2493 praecepit‚
1355 2429 1514 2494 ibique
1534 2429 1733 2485 delatas,
1759 2428 1922 2475 humili
1948 2447 2050 2492 sup-

651 2501 901 2564 plicatione
926 2514 1172 2549 veneratus
1202 2517 1294 2560 est,
1324 2505 1662 2569 celebratisque
1693 2506 1934 2551 missarum
1973 2521 2051 2551 so—

649 2578 850 2633 lemniis,
864 2577 1038 2624 obtulit
1051 2578 1195 2625 beatis
1214 2581 1517 2646 martyribus,
1535 2581 1810 2628 Marcellino
1830 2593 1875 2628 et
1888 2582 2047 2637 Petro,

648 2654 885 2719 quoddam
904 2656 1183 2718 praediolum
1198 2693 1210 2713 ,
1239 2659 1378 2703 situm
1396 2663 1530 2722 juxta
1555 2659 1751 2704 fluvium
1773 2659 1911 2704 Aram
1928 2693 1939 2713 ‚
1963 2675 2050 2704 vo-

652 2731 818 2777 cabulo
859 2731 1204 2788 Ludovesdorf‚
1238 2734 1410 2781 liabens
1444 2753 1630 2783 mansos
1668 2736 1963 2800 quindecim,
2005 2746 2050 2780 rt
