2105 3348
631 291 707 330 304
927 287 1165 325 HISTORIA
1195 287 1611 335 TRANSLATIONIS,
1644 304 1723 328 mc.

629 385 742 414 vero
761 367 858 424 die,
887 365 1034 411 frater
1056 367 1151 428 ejus
1170 364 1436 429 presbyter,
1460 375 1506 412 et
1528 367 1787 413 monachus
1812 370 1893 434 qui
1921 387 2027 416 cum

630 463 684 491 eo
703 453 920 498 venerat,
955 443 1199 505 petierunt
1231 452 1285 487 ut
1315 459 1422 488 eum
1449 461 1557 489 cum
1587 442 1772 491 duobus
1804 445 2029 492 fratribus

627 521 720 566 suis
747 520 877 566 laicis
901 521 1182 584 reciperem,
1211 519 1361 567 donec
1391 521 1478 584 ipsi
1504 532 1861 569 reverterentur
1883 543 1893 568 :
1921 542 2031 570 nam

628 608 735 659 post
756 596 965 642 triduum
993 614 1039 643 se
1058 595 1277 643 dicebant
1296 613 1390 643 esse
1416 615 1704 644 reversuro&
1730 599 1835 645 Feci
1863 609 1917 645 ut
1945 617 2032 646 vo-

627 673 847 729 luerunt,
887 690 1087 738 eumque
1123 673 1404 738 presbytero
1437 684 1603 721 nostro
1636 675 1866 721 Hiltfrido
1899 692 2033 722 com-

629 750 863 797 mendavi.
894 753 934 797 Is
959 768 1068 796 cum
1099 769 1122 796 a
1158 751 1436 815 presbytero
1464 762 1678 816 receptus
1696 788 1708 809 ‚
1737 762 1784 799 et
1809 754 1857 799 in
1886 753 2035 800 cellu—

630 828 739 885 lam,
778 830 826 874 in
867 847 958 894 qua
995 830 1090 893 ipse
1126 829 1378 888 manebat,
1420 829 1584 876 fuisset
1626 829 1875 886 inductus,
1915 830 2035 876 circa

632 923 869 970 vesperam
911 906 1111 970 ejusdem
1152 908 1242 954 diei
1259 944 1270 964 ,
1313 918 1550 955 commota
1584 907 1908 954 vehementius
1944 925 2035 973 qua

629 983 881 1030 tenebatur
906 985 1113 1040 insania,
1150 1002 1300 1031 unum
1330 1002 1354 1031 e
1389 983 1618 1030 fratribus
1653 986 1776 1042 suis,
1816 986 1894 1050 qui
1929 1003 2038 1032 eum

631 1061 985 1118 custodiebant,
1012 1072 1202 1125 arrepto
1228 1063 1403 1119 cultro,
1435 1063 1563 1127 quod
1589 1063 1768 1110 furenti
1794 1081 1922 1109 casus
1947 1062 2039 1110 ob—

631 1139 802 1185 tulerat
819 1175 832 1196 ,
861 1140 1012 1186 voluit
1037 1139 1279 1196 occidere;
1308 1141 1386 1187 sed
1412 1140 1491 1187 ille
1515 1158 1680 1187 necem
1703 1140 1930 1205 fugiendo
1957 1140 2040 1186 de-

630 1217 850 1272 clinavit,
884 1227 931 1263 et
958 1219 1136 1264 nostris
1169 1217 1471 1275 hominibus,
1501 1219 1583 1281 qui
1611 1236 1762 1282 prope
1790 1229 1926 1264 erant
1944 1254 1955 1274 ,
1985 1218 2041 1264 de

631 1293 811 1338 vesania
838 1293 963 1338 illius
987 1292 1230 1340 indicavit.
1260 1294 1385 1339 Tum
1409 1293 1674 1357 presbyter,
1705 1295 1777 1339 cui
1797 1312 1908 1340 cura
1934 1311 2042 1341 eum

629 1371 922 1417 custodiendi
949 1389 973 1416 a
1000 1370 1139 1418 nobis
1169 1382 1267 1417 erat
1295 1371 1533 1435 injuncta,
1561 1372 1787 1435 suggessit
1809 1371 1944 1429 mihi,
1974 1372 2042 1416 si—

628 1447 824 1512 mulque
847 1449 1100 1511 persuasit,
1129 1458 1181 1494 ut
1206 1466 1312 1495 eum
1335 1449 1505 1495 vinciri
1532 1450 1877 1513 permitterem.
1897 1450 2044 1496 Vinc-

630 1536 703 1571 tus
728 1526 873 1589 igitur
891 1527 1066 1573 catenis
1087 1526 1252 1573 ferreis
1264 1563 1276 1584 ,
1304 1528 1351 1572 in
1372 1527 1496 1574 lecto
1517 1526 1779 1574 collocatur
1788 1546 1801 1584 3
1827 1526 2042 1575 obserra-

629 1602 782 1666 tisque
799 1602 1001 1658 foribus,
1020 1603 1145 1651 solus
1164 1604 1211 1649 in
1231 1603 1452 1650 cubiculo
1470 1603 1774 1667 relinquitur.
1794 1602 2044 1651 Excubant

629 1688 737 1724 ante
761 1680 936 1725 ostium
966 1679 1133 1726 fratres
1158 1683 1278 1744 ejus,
1308 1691 1353 1726 et
1378 1681 1506 1727 velut
1531 1698 1780 1744 erumpere
1807 1681 2043 1728 valentem

630 1756 843 1820 pervigili
881 1773 990 1802 cura
1026 1757 1318 1804 custodiunt.
1349 1760 1588 1805 Caeterum
1618 1759 1838 1818 vincula,
1870 1758 2042 1823 quibus

628 1831 880 1878 tenebatur
904 1831 1182 1891 adstrictus,
1213 1835 1441 1898 ejusmodi
1473 1845 1608 1881 erant
1642 1846 1718 1892 ut,
1746 1836 1860 1882 dum
1889 1837 1937 1882 in
1972 1835 2042 1882 his

628 1921 767 1966 esset,
800 1927 897 1956 non
926 1911 973 1956 in
999 1910 1223 1957 dextrum
1245 1923 1326 1957 aut
1352 1913 1600 1958 sinistrum
1622 1913 1744 1959 latus
1771 1930 1818 1960 se
1842 1930 2043 1960 conver-

629 1997 725 2033 tere
738 2022 749 2041 ‚
773 2005 925 2051 neque
944 1988 1080 2034 aliter
1100 1989 1190 2034 nisi
1211 1990 1383 2053 supino
1404 2007 1605 2054 corpore
1618 1993 1774 2054 jacere
1791 1991 2038 2054 potuisset.

695 2219 772 2265 59.
811 2221 1049 2266 Dormivit
1076 2222 1259 2286 itaque,
1291 2233 1345 2267 ut
1372 2224 1468 2286 ipse
1494 2233 1716 2278 testatur,
1746 2240 1900 2287 neque
1932 2232 2040 2270 ante

627 2296 827 2341 mediam
853 2308 1044 2343 noctem
1070 2299 1323 2362 evigilavit.
1346 2299 1409 2344 At
1433 2299 1514 2344 ubi
1539 2299 1643 2362 galli
1672 2309 1859 2345 cantare
1885 2317 2040 2364 coepe-

628 2381 743 2416 runt
771 2373 1153 2437 expergefactus,
1190 2375 1308 2420 vidit
1335 2393 1381 2421 se
1414 2393 1509 2421 non
1549 2376 1701 2423 solum
1736 2377 2040 2423 x‘inculorum

627 2447 828 2496 nexibus
857 2450 1091 2507 solutum,
1125 2469 1289 2498 verum
1317 2453 1455 2498 etiam
1492 2453 1667 2501 morbo
1696 2453 1913 2510 insaniae,
1942 2472 2038 2519 quo

626 2526 949 2584 laboraverat,
982 2527 1261 2586 liberatum;
1293 2531 1544 2595 statimque
1570 2532 1625 2577 ad
1657 2532 1816 2578 laudes
1841 2532 1938 2579 Deo
1961 2531 2038 2577 di-

628 2603 794 2650 cendas
814 2614 910 2650 tota
930 2616 1087 2652 mente
1106 2623 1378 2664 conversus,
1399 2608 1588 2671 psalmis
1605 2620 1652 2656 et
1670 2609 1877 2673 hymnis,
1898 2626 2034 2673 quos,

625 2699 723 2745 prae
747 2682 892 2728 nimia
915 2683 1256 2747 gratulatione,
1279 2687 1462 2732 tametsi
1488 2687 1614 2733 solus
1635 2699 1734 2734 erat
1749 2723 1760 2742 ,
1787 2687 1894 2732 satis
1914 2687 2036 2733 clare

625 2757 928 2816 decantabat,
968 2778 1132 2808 omnes
1166 2762 1212 2807 in
1242 2763 1410 2809 vicinia
1445 2764 1649 2827 ejusdem
1681 2764 1886 2810 cubiculi
1922 2763 2035 2809 dor-
