2105 3348
639 277 715 314 2011
935 272 1175 310 1115'1‘OR1A
1207 270 1630 318 TRANSLATIONIS,
1659 286 1739 310 mc.

639 355 825 401 circiter
862 353 1013 414 leugas
1039 368 1134 397 sex.
1174 352 1224 395 ln
1258 367 1355 414 quo
1389 367 1496 395 cum
1532 349 1766 396 basilicam
1801 349 1990 397 noviter
2021 371 2041 396 a

639 451 712 479 mc
736 439 1082 485 constructam,
1105 430 1182 475 sed
1210 430 1426 475 nondum
1445 427 1701 474 dedicatam
1731 428 2042 482 invenissent,

641 513 687 555 in
722 509 840 554 hanc
877 506 980 553 illos
1015 524 1167 553 sacros
1195 507 1374 552 cineres
1409 505 1702 560 intulerunt,
1739 514 1785 551 et
1820 505 1948 550 velut.
1984 503 2043 550 ibi

638 596 868 650 perpetuo
888 601 1220 647 permansuros
1240 583 1579 647 deposuerunt.

709 820 785 863 45.
805 817 1019 880 Cumque
1040 816 1085 862 id
1105 816 1219 862 mihi
1239 815 1403 862 fuisset
1418 815 1629 871 allatum,
1652 815 1897 861 confestim
1921 813 2047 869 illuc,

641 905 814 957 quanta
831 896 964 958 potui
986 895 1224 941 celeritate
1244 895 1404 940 venire
1419 893 1654 939 festinavi.
1674 892 1787 949 Ubi,
1817 909 1943 948 cum,
1964 892 2053 936 tri-

639 970 735 1018 duo
776 983 881 1036 post
918 972 1173 1018 adventum
1211 982 1431 1019 nostrum
1468 981 1657 1026 exacto,
1703 970 1897 1035 quidam
1937 986 2054 1033 puer

643 1049 835 1095 Ratleici
852 1085 865 1104 ,
897 1049 1097 1113 jubente
1136 1067 1213 1105 eo,
1252 1049 1406 1096 officio
1450 1066 1749 1112 vesperarum
1787 1047 2049 1111 completo,

644 1127 822 1172 caeteris
857 1126 1139 1173 exeuntibus
1156 1162 1166 1180 ‚
1188 1127 1314 1174 solus
1340 1127 1387 1171 in
1411 1126 1597 1172 ecclesia
1625 1126 1946 1180 remansisset,
1975 1133 2021 1169 et
2041 1159 2050 1177 ‚

644 1202 808 1248 clausis
825 1204 1001 1267 januis,
1018 1205 1150 1266 juxta
1176 1203 1253 1249 illa
1279 1220 1404 1249 sacra
1425 1219 1625 1266 corpora
1652 1203 1699 1248 in
1728 1220 1866 1266 parva
1890 1200 2054 1246 cellula

644 1280 774 1342 quasi
813 1279 1090 1343 vigilaturus
1126 1281 1439 1338 consedisset,
1478 1278 1727 1326 subitaneo
1764 1296 1934 1327 somno
1973 1278 2058 1324 de—

646 1375 851 1420 pressus,
888 1357 1007 1403 vidit
1038 1359 1168 1422 quasi
1203 1357 1315 1403 duas
1349 1356 1592 1404 columbas
1626 1376 1709 1420 per
1741 1357 2056 1403 dexteriorem

645 1434 816 1480 absidae
847 1433 1102 1481 fenestram
1128 1435 1334 1481 volando
1357 1436 1533 1481 intrare
1548 1472 1557 1485 ,
1579 1444 1625 1481 et
1652 1435 1698 1480 in
1721 1434 1929 1480 culmine
1951 1433 2055 1478 lecti

643 1531 784 1576 super
803 1513 898 1577 ipsa
923 1514 1206 1560 Sanctorum
1233 1531 1432 1577 corpora
1461 1513 1706 1559 considere
1730 1533 1739 1557 :
1764 1530 1964 1576 quarum
1992 1511 2058 1556 al-

648 1602 742 1637 tera
769 1601 865 1638 tota
893 1590 995 1636 alba
1013 1627 1023 1646 ,
1056 1591 1200 1637 altera
1223 1592 1323 1637 cani
1353 1602 1398 1638 et
1418 1590 1510 1636 albi
1539 1590 1711 1637 coloris
1735 1590 1958 1635 mixturae
1978 1606 2060 1634 va-

647 1670 730 1715 riae
770 1668 1033 1716 videbatur.
1080 1670 1294 1734 Cumque
1336 1670 1384 1715 in
1427 1669 1593 1716 eodem
1634 1667 1842 1715 culmine
1883 1667 2060 1712 diutius

644 1745 1026 1803 deambularent,
1049 1757 1095 1794 et
1120 1757 1399 1793 consuetum
1421 1745 1656 1793 columbis
1675 1745 1905 1809 gemitum
1929 1744 2061 1789 vicis-

646 1824 733 1868 sim
765 1823 893 1869 velut
922 1824 1247 1888 colloquentes
1278 1824 1496 1879 ederent,
1532 1840 1697 1870 rursus
1730 1840 1815 1887 per
1849 1822 2059 1869 eamdem

646 1902 900 1947 fenestram
920 1919 1133 1966 egressae,
1155 1919 1255 1948 non
1275 1911 1664 1965 comparuerunt.
1687 1902 1948 1964 Secutaque
1968 1916 2059 1946 vox

646 1996 784 2042 supra
809 1990 947 2042 caput
974 1981 1108 2044 pueri
1126 1981 1286 2027 sonuit
1309 2000 1318 2025 :
1349 2001 1370 2024 «
1393 1979 1521 2027 Vade
1536 2016 1548 2035 ,
1570 1979 1731 2043 inquit
1746 2015 1758 2035 ,
1783 1989 1830 2025 et
1854 1978 1930 2024 dic
1946 1978 2061 2023 Rat-

648 2057 766 2103 leico
794 2069 846 2103 ut
870 2057 1047 2105 indicet
1071 2058 1269 2105 domino
1289 2075 1395 2113 suo,
1418 2059 1526 2122 quia
1557 2057 1628 2102 isti
1653 2056 1799 2102 sancti
1823 2056 2058 2121 Martyres

648 2133 821 2180 nolunt
849 2145 904 2180 ut
938 2152 1104 2181 eorum
1138 2152 1340 2199 corpora
1375 2135 1423 2180 in
1455 2134 1544 2181 hoc
1575 2134 1682 2181 loco
1719 2133 2017 2197 requiescant
2046 2152 2056 2176 :

647 2211 791 2257 alium
816 2213 944 2257 enim
976 2213 1242 2277 elegerunt,
1266 2212 1322 2258 ad
1341 2229 1482 2277 quem
1508 2211 1724 2258 celeriter
1746 2210 1949 2273 migrare
1969 2209 2061 2254 dis-

649 2289 854 2352 positum
879 2287 1072 2336 habent.
1093 2310 1113 2332 η
1140 2291 1288 2354 Hujus
1302 2290 1430 2337 vocis
1446 2299 1610 2335 auctor
1629 2287 1687 2335 ab
1704 2305 1759 2335 eo
1783 2286 1930 2333 videri
1959 2303 2056 2333 uon

651 2365 808 2428 potuit
830 2384 842 2421 ;
865 2383 955 2429 qua
989 2376 1143 2412 tamen
1165 2366 1327 2426 finita,
1355 2365 1615 2430 evigilavit,
1641 2380 1906 2428 somnoque
1932 2364 2061 2409 exci-

651 2456 750 2499 tuS,
778 2460 966 2504 reverso
992 2443 1048 2489 ad
1069 2442 1307 2491 basilicam
1325 2444 1561 2499 Ratleico,
1589 2442 1703 2508 quid
1731 2441 1919 2487 vidisset
1945 2439 2062 2486 iudi-

651 2522 789 2567 cavit.
821 2521 882 2567 At
902 2521 978 2567 ille
999 2522 1045 2566 in
1067 2523 1326 2568 crastinum
1342 2558 1353 2578 ,
1376 2522 1457 2568 ubi
1480 2538 1553 2567 me
1573 2521 1784 2585 primum
1808 2518 2062 2566 convenire

651 2600 836 2662 potuit,
864 2600 979 2663 quid
1003 2598 1089 2644 sibi
1129 2618 1244 2661 pus-r
1268 2618 1376 2646 suus
1401 2599 1664 2653 retulisset,
1690 2596 1803 2642 mihi
1842 2597 2061 2642 nuntiare

652 2677 848 2720 curavit.
887 2676 989 2739 Ego
1019 2685 1201 2729 autem,
1245 2676 1350 2721 licct
1390 2675 1581 2737 hujusce
1615 2673 1809 2719 visionis
1839 2688 2059 2717 arcanum

652 2770 870 2814 sperus-rc
892 2771 987 2798 non
1015 2753 1259 2809 auden-m,
1288 2755 1424 2799 statui
1458 2764 1611 2798 tamon
1638 2749 1947 2815 operiendum
1975 2749 2063 2793 ali-
