2105 3348
613 290 688 326 273
908 281 1150 321 HlsTomA
1181 280 1605 327 TRANSLATIOMS‚
1638 295 1720 319 mc.

615 368 761 413 Roma
779 362 973 416 detulit,
995 371 1048 406 ut
1067 361 1163 424 ipse
1187 358 1417 406 asserebat
1433 395 1444 414 ,
1459 361 1615 423 jussus
1636 361 1796 417 venit,
1816 360 2031 408 deserens

614 441 855 495 libellum,
895 439 1141 502 complura
1180 437 1381 501 capitula
1410 437 1768 494 continentem;
1798 441 1929 502 cujus
1960 457 2032 484 ra-

615 521 794 565 tionem
815 517 953 563 talem
972 533 1068 563 esse
1094 515 1286 571 retulit,
1308 514 1468 561 dicens
1491 534 1500 559 ε
1532 514 1622 560 sibi
1650 532 1830 561 caecum
1860 515 1993 560 illum
2016 551 2028 570 ,

612 598 741 659 eujus
762 592 905 641 modo
929 593 1126 640 fecimus
1156 593 1449 640 mentionem
1469 628 1481 649 ,
1508 610 1564 638 ex
1583 593 1837 640 autoritate
1856 594 2032 656 Marty-

611 691 718 719 rum
753 673 1030 738 praecepisse
1066 682 1119 718 ut
1154 689 1203 718 ea
1236 672 1436 736 capitula
1467 671 1783 728 describeret,
1819 671 2032 736 mihique

608 753 837 809 deferret,
860 770 912 798 ac
930 752 1108 798 diceret
1129 760 1181 797 ut
1200 769 1248 797 ea
1266 751 1571 814 susciperem,
1590 760 1730 815 atque
1755 750 2033 814 imperatori

609 830 802 895 legenda
821 830 1060 877 offerrem.
1084 828 1272 892 Suscepi
1292 827 1351 874 ab
1367 845 1423 875 eo
1439 827 1656 873 libellum
1676 838 1820 891 atque
1833 827 2030 892 perlegi,

607 907 1005 971 emendatumque
1049 924 1101 953 ac
1146 906 1336 952 noviter
1369 908 1601 970 seriptum
1641 905 1944 969 imperatori,
1981 914 2034 950 ut

599 988 803 1048 jusserat
821 1020 833 1041 ,
858 983 1029 1031 obtuli.
1067 984 1130 1028 Et
1153 983 1231 1030 ille
1255 983 1448 1049 quidem
1479 983 1683 1046 suscepit
1708 992 1849 1046 atque
1874 982 2032 1045 perle-

605 1064 674 1127 git
693 1083 703 1108 :
725 1062 803 1109 sed
826 1061 883 1109 de
901 1061 989 1118 his,
1008 1079 1115 1126 quae
1137 1078 1220 1125 per
1245 1061 1371 1107 hunc
1387 1060 1605 1108 libellum
1619 1060 1938 1124 face1²ejussus
1960 1059 2031 1106 vel

604 1140 875 1187 admonitus
900 1139 1078 1195 fuerat,
1109 1155 1343 1202 perpauca
1376 1138 1637 1201 adimplere
1673 1137 1874 1183 curavit.
1907 1136 2033 1196 Quid

603 1228 762 1264 :intem
785 1216 860 1262 illa
883 1217 1086 1280 capitula
1109 1216 1436 1273 continerent,
1451 1224 1534 1261 aut
1550 1215 1666 1281 quid
1683 1215 1742 1261 ab
1758 1232 1814 1262 eo
1833 1215 2028 1271 factum,

601 1294 775 1359 quidve
801 1293 1049 1340 dimissum
1064 1294 1150 1350 sit,
1171 1294 1264 1340 alio
1280 1294 1439 1357 potius
1457 1294 1505 1339 in
1529 1293 1635 1339 loco
1650 1328 1663 1349 ,
1685 1310 1828 1357 quam
1855 1292 1902 1338 in
1921 1292 2030 1348 isto,

603 1369 1078 1418 commemorandum
1093 1381 1178 1417 est.
1194 1371 1316 1417 Illud
1329 1381 1487 1418 tamen
1505 1389 1605 1419 non
1623 1370 1780 1417 solum
1799 1387 1899 1416 non
1911 1387 2033 1433 prae-

603 1448 908 1506 tereundum,
923 1450 1040 1514 quin
1059 1450 1155 1498 imo
1169 1460 1329 1514 aperte
1346 1467 1398 1496 ac
1415 1449 1621 1496 dilucide
1634 1466 1803 1495 censeo
1821 1450 2028 1495 conscri-

604 1528 842 1580 bendum,
875 1528 1081 1593 qualiter
1113 1529 1374 1575 revelatum
1401 1540 1448 1575 et
1468 1530 1652 1592 jussum
1676 1528 1737 1573 sit
1763 1538 1819 1573 ut
1845 1526 2033 1574 libellus

605 1607 683 1654 ille
710 1606 812 1653 fieri
843 1617 986 1671 atque
1015 1607 1111 1671 regi
1133 1607 1231 1654 dari
1263 1607 1484 1654 debuerit
1501 1625 1513 1663 ;
1537 1623 1644 1671 quae
1676 1604 1913 1652 Ratleieus
1941 1604 2032 1651 hoe

606 1685 749 1733 modo
772 1686 1029 1749 contigisse
1058 1685 1242 1732 retulit.

674 2177 693 2199 α
722 2155 846 2202 Ante
879 2172 1077 2219 paucos,
1116 2156 1300 2221 inquit,
1335 2155 1459 2212 dies,
1490 2173 1600 2201 eum
1632 2156 1679 2200 iu
1713 2153 1957 2201 ecclesiam
1974 2153 2031 2199 ad

605 2234 836 2300 agendum
860 2246 1153 2281 nocturnum
1171 2234 1379 2281 officium
1396 2252 1452 2280 ex
1469 2250 1605 2279 more
1629 2232 2029 2289 convenissemus,

606 2313 721 2359 adiit
736 2330 811 2359 me
836 2329 987 2358 caecus
1006 2311 1085 2358 ille
1099 2347 1111 2367 ,
1131 2329 1276 2377 quem
1299 2311 1448 2358 nostis
1463 2347 1477 2368 ,
1497 2328 1673 2376 rogans
1694 2321 1747 2356 ut
1769 2311 1817 2357 in
1848 2319 2032 2374 partem

608 2392 812 2455 aliquam
828 2389 1132 2436 secretiorem
1152 2406 1259 2435 cum
1281 2388 1365 2435 illo
1386 2387 1665 2436 secederem.
1693 2388 1800 2435 Feci
1818 2398 1871 2434 ut
1895 2388 2031 2435 vole-

609 2469 689 2515 bat
705 2505 716 2524 ‚
738 2478 785 2516 et
802 2480 912 2514 cum
929 2483 985 2514 eo
1004 2466 1244 2524 cellulam,
1265 2467 1315 2512 in
1334 2484 1423 2531 qua
1443 2467 1684 2530 quiescere
1700 2465 1933 2521 solebam,
1957 2466 2029 2512 in-

610 2565 792 2614 gressus
806 2565 928 2593 sum.
953 2547 1078 2592 Tum
1092 2545 1171 2592 ille
1189 2545 1347 2609 prior:
1367 2565 1390 2590 «
1405 2545 1518 2601 Hae,
1539 2545 1714 2610 inquit,
1731 2554 1874 2592 nocte
1887 2544 2030 2608 paulo

611 2639 864 2690 antequam
889 2641 1009 2672 sono
1039 2624 1286 2689 signorum
1313 2624 1503 2670 excitati
1535 2641 1862 2689 surgeremus,
1889 2641 2031 2688 appa-

612 2707 709 2752 ruit
733 2704 847 2751 mihi
874 2721 957 2768 per
987 2704 1140 2751 visum
1164 2702 1357 2768 quidam
1381 2703 1472 2760 vir,
1509 2703 1681 2749 canitie
1714 2700 1995 2750 venerabilis
2014 2737 2025 2757 ,

610 2797 736 2832 veste
759 2782 953 2834 candida
976 2782 1168 2829 indutus
1186 2818 1197 2838 ,
1226 2782 1408 2846 virgam
1435 2799 1624 2830 auream
1649 2798 1794 2829 manu
1827 2790 1992 2827 tenens
2011 2815 2022 2838 ,
