2105 3348
595 256 644 290 30
1017 248 1267 287 EINHARDI
1301 245 1569 285 EPISTOLAE.

596 343 733 385 tram,
758 339 929 376 nostrae
951 327 1286 376 imbecillitatis
1304 343 1581 383 memorem,
1602 327 1650 373 in
1667 326 1857 374 Christo
1875 344 1996 375 sem—

594 428 676 473 per
701 408 820 454 bene
841 406 1012 453 valere.

918 560 1057 599 XLIV.
1089 562 1153 598 AD
1184 561 1231 598 E.
1265 560 1476 598 AMICUM
1507 560 1664 598 SUUM.

654 670 861 716 Domino
881 677 1043 714 sancto
1075 684 1127 713 ac
1156 667 1329 714 merito
1348 665 1607 713 venerabili
1629 668 1684 713 E.
1694 701 1707 724 ,
1730 665 1997 713 Einhardus

591 746 787 792 salutem
821 744 1156 808 sempiternam
1187 743 1282 807 (1).
1306 770 1369 779 —-
1401 742 1625 803 Quamvis
1649 743 1872 807 perplura
1903 744 1999 790 sint

590 824 647 871 de
671 823 843 888 quibus
859 820 1196 886 cognoscendis
1215 820 1333 867 mihi
1361 839 1471 867 cura
1491 838 1585 868 esse
1609 831 1790 885 potest,
1820 821 1915 870 duo
1937 831 2000 867 ta-

590 920 698 949 men
737 911 848 948 sunt
881 913 1089 965 quorum
1123 916 1200 946 me
1236 904 1284 945 in
1322 899 1545 963 praesenti
1581 903 1730 962 maj0r
1755 899 1999 946 curiositas

593 986 739 1023 tenet.
761 974 948 1029 Unum,
976 972 1059 1019 ubi
1084 983 1132 1020 et
1152 971 1343 1038 quando
1366 972 1596 1037 generalis
1627 973 1706 1020 ille
1734 982 1999 1021 conventus

591 1052 831 1101 habendus
863 1053 948 1108 sit3
990 1051 1216 1107 alterum,
1251 1051 1285 1096 si
1312 1050 1515 1098 domnus
1547 1050 1788 1097 Hlotarius
1822 1051 1872 1096 in
1904 1051 2001 1096 Ita-

588 1132 700 1178 liam
716 1130 786 1195 (2)
804 1129 1003 1186 reverti,
1026 1139 1107 1176 aut
1130 1145 1239 1175 eum
1262 1138 1394 1192 patre
1419 1145 1611 1175 manere
1630 1126 1828 1176 debeat?
1842 1132 1911 1175 De
1929 1127 2000 1174 his

589 1209 773 1257 duobus
794 1218 978 1255 certum
990 1224 1067 1254 me
1093 1206 1247 1254 facere
1271 1207 1438 1253 caritas
1458 1216 1610 1253 vestra
1630 1223 1731 1254 non
1757 1216 1997 1271 gravetur.

589 1285 709 1332 Nam
723 1284 898 1333 horum
910 1284 1101 1341 notitia,
1118 1283 1225 1348 plus
1238 1300 1380 1348 quam
1395 1292 1674 1329 caeterarum
1693 1300 1874 1340 rerum,
1891 1300 2001 1348 quae

588 1362 714 1426 apud
751 1379 833 1409 vos
868 1371 1091 1426 aguntur,
1118 1360 1331 1426 indigem
1362 1361 1591 1426 quoniam
1626 1378 1684 1408 ex
1718 1359 1790 1407 his
1824 1361 2002 1425 pendet

588 1439 704 1505 quid
735 1457 820 1504 ego
843 1440 998 1487 facere
1021 1438 1242 1496 debeam,
1272 1439 1309 1485 si
1342 1438 1500 1485 divina
1530 1438 1676 1502 pietas
1700 1437 1817 1485 mihi
1844 1437 2002 1485 favere

588 1518 863 1583 dignabitur
897 1529 952 1564 ut
984 1516 1163 1582 aliquid
1197 1516 1415 1563 utilitatis
1447 1515 1601 1562 facere
1637 1516 1833 1562 valeam.
1874 1515 2001 1580 Opto

587 1606 642 1641 ut
661 1605 723 1651 te,
746 1595 1011 1641 amicorum
1028 1610 1247 1640 meorum
1263 1593 1598 1649 amantissime,
1621 1592 1743 1641 bene
1764 1592 1999 1641 valentem

594 1673 691 1719 cito
710 1672 869 1719 videre
886 1689 1070 1719 merear
1089 1671 1179 1735 (5).

1001 1904 1121 1941 XLV.
1155 1904 1221 1941 AD
1252 1904 1300 1943 G.
1336 1903 1590 1941 COMITEM.

654 2011 970 2058 Dilectissimo
993 2009 1158 2069 fratri,
1183 2008 1244 2055 G.
1277 2009 1488 2075 glorioso
1512 2010 1675 2056 comiti
1701 2020 1842 2075 atque
1866 2010 1999 2074 opti-

589 2090 723 2147 mati,
747 2087 1016 2134 Einhardus
1039 2088 1374 2152 sempiternam
1400 2088 1450 2133 in
1467 2088 1676 2135 Domino
1700 2088 1914 2135 salutem.
1935 2116 1999 2124 --

589 2167 783 2230 Semper
801 2165 1076 2212 benevolam
1096 2183 1203 2231 erga
1219 2184 1296 2213 me
1313 2165 1434 2213 sensi
1453 2164 1755 2213 dilectionem
1773 2176 1994 2222 vestram,

589 2243 666 2291 sed
683 2260 930 2307 nunquam
944 2243 1050 2307 plus
1067 2261 1210 2308 quam
1226 2244 1391 2303 modo,
1408 2243 1600 2308 quando
1618 2242 1736 2290 mihi
1755 2243 1997 2291 licentiam

591 2320 871 2384 impetrastis
895 2319 1118 2385 pergendi
1139 2320 1196 2367 ad
1219 2321 1465 2368 servitium
1492 2330 1768 2370 sanctorum
1792 2320 1997 2368 Marcel-

589 2398 674 2444 lini
693 2408 739 2444 et
763 2399 915 2454 Petri,
935 2399 1015 2462 qui
1040 2397 1103 2445 ob
1129 2398 1219 2447 hoc
1242 2400 1423 2446 factum
1447 2399 1571 2464 apud
1592 2401 1745 2447 Deum
1766 2400 1996 2448 interces-

633 2572 683 2615 (ι)
708 2570 777 2604 Hic
794 2568 872 2604 cod.
888 2568 998 2604 habet
1008 2570 1057 2604 Ε.
1074 2571 1122 2604 Ε.
1140 2584 1168 2603 s.
1188 2584 1216 2605 5-
1232 2572 1331 2618 quod
1347 2572 1466 2607 adhuc
1480 2572 1683 2618 significare
1697 2579 1815 2619 potest
1828 2572 1993 2607 Einhar-

590 2631 658 2665 dns
676 2642 741 2664 suo
758 2630 925 2663 salutem.

635 2690 684 2733 (9.)
709 2687 802 2724 Cod.
818 2687 879 2721 HI.
899 2689 936 2722 in
952 2687 1074 2722 Italia.

648 2751 680 2789 3)
708 2746 796 2782 (jod.
816 2759 917 2781 mear
934 2746 1068 2793 absque
1087 2746 1157 2781 ulla
1179 2747 1456 2783 abbreviationis
1475 2756 1570 2783 nota.
