2105 3348
631 237 707 275 2⁶24
926 231 1165 271 HISTORIA
1197 230 1616 279 TRANSLATIONIS,
1649 246 1729 270 Ere.

632 317 824 362 mirent.
849 313 972 357 Tum
992 308 1078 355 sibi
1100 311 1146 355 111
1176 318 1384 355 mentem
1404 311 1584 357 venisse
1598 346 1610 367 ,
1636 312 1881 376 visumque
1899 310 2036 358 fuisse

633 410 729 438 11011
761 390 858 435 51116
895 404 1059 450 magna
1090 386 1288 450 quadam
1318 401 1450 431 causa
1476 386 1654 433 factum
1687 399 1738 434 ut
1778 398 1849 434 tot
1883 387 2038 434 homi-

630 468 770 514 nibus
795 476 887 511 tam
909 463 1179 510 subitaneus
1206 480 1350 527 sopor
1373 462 1640 527 obrepserit
1661 484 1670 509 ε
1697 476 1917 529 ratusque
1949 463 2038 510 sibi

632 543 786 590 oblata
816 542 1060 588 occasione
1097 540 1326 587 utendum
1347 578 1358 599 ,
1399 541 1638 596 surrexit,
1673 551 1814 605 atque
1846 557 2039 587 accenso

632 622 834 675 lumine,
868 620 924 666 ad
948 620 1117 665 scrinia
1153 619 1347 665 silenter
1365 619 1576 665 accessit.
1602 620 1726 664 Tum
1746 619 1835 665 filis
1855 619 2038 683 sigillo—

631 716 738 744 rum
773 697 958 744 admota
986 697 1106 743 cerei
1135 696 1319 742 flamma
1340 698 1577 750 crematis,
1603 697 1772 743 scrinia
1793 697 1892 743 sine
1917 697 2041 743 clave

634 776 849 822 celeriter
862 775 1020 837 aperui
1030 784 1063 830 t;
1077 773 1191 820 aede
1203 784 1406 838 utroque
1416 791 1617 837 corpore
1627 774 1919 837 portionem,
1933 791 2041 839 quae

633 854 672 899 61
686 850 952 907 videbatur,
968 852 1217 914 accipiens,
1232 851 1400 915 sigilla,
1413 863 1465 896 ut
1479 862 1614 898 erant
1632 852 1832 916 integra,
1851 850 2042 898 filorum

633 939 955 975 crematorum
980 926 1330 974 summitatibus
1355 929 1591 984 annectit;
1621 928 1849 992 nulloque
1878 927 1924 973 id
1944 927 2045 973 fac-—

637 1019 737 1052 tum
769 1005 1028 1061 sentiente,
1062 1005 1108 1050 in
1131 1005 1237 1051 1000
1262 1022 1346 1052 suo
1367 1005 1555 1051 resedit.
1586 1006 1698 1053 Post
1718 1005 1818 1051 haec
1844 1005 2045 1050 sublatas

636 1083 714 1130 tali
741 1083 874 1128 furto
898 1092 1169 1130 sanctorum
1193 1082 1443 1146 reliquias,
1474 1101 1582 1129 cum
1609 1083 1665 1128 ad
1689 1101 1764 1129 me
1786 1083 1950 1129 suisset
1968 1101 2047 1130 re-

635 1177 811 1215 versus,
827 1159 996 1205 detulit
1018 1159 1292 1222 :primoque
1311 1158 1410 1204 illas
1423 1176 1521 1205 non
1533 1160 1679 1205 sancti
1696 1159 1959 1205 Marcellini
1975 1159 2048 1206 vel

637 1236 782 1291 Petri,
813 1234 891 1281 sed
909 1236 1056 1280 sancti
1076 1234 1285 1280 Tiburtii
1307 1252 1402 1280 esse
1429 1235 1722 1281 asseveravit.
1741 1234 1921 1281 Deinde
1940 1252 2047 1280 cum

638 1315 795 1361 neseio
807 1312 922 1377 quid
943 1323 1203 1369 vereretur,
1226 1324 1399 1359 secrete
1418 1330 1602 1360 mecum
1616 1313 1820 1370 locutus,
1841 1330 2048 1378 quorum

637 1401 906 1437 sanctorum
940 1402 1093 1437 essent
1114 1391 1331 1455 reliquiae
1347 1427 1360 1447 ‚
1398 1409 1590 1456 quoque
1616 1391 1760 1438 modo
1787 1409 1858 1438 eas
1885 1391 2049 1438 fuisset

637 1469 846 1532 adeptus,
859 1479 1077 1532 patenter
1088 1470 1290 1532 aperuit.
1306 1468 1542 1516 Habemus
1559 1470 1658 1516 illas
1671 1470 1794 1535 apud
1811 1470 1857 1516 S.
1872 1470 2049 1516 Medar·

638 1547 752 1591 dum
772 1545 818 1591 in
842 1545 948 1592 1000
970 1543 1142 1592 celebri
1163 1544 1428 1593 honorifice
1453 1546 1720 1603 collocatas,
1738 1546 1821 1592 ubi
1843 1545 1900 1592 ab
1916 1547 2046 1593 omni

639 1622 816 1686 populo
845 1640 952 1668 eum
980 1640 1144 1687 magna
1170 1623 1474 1670 veneratione
1505 1624 1759 1680 coluntur;
1784 1623 1861 1670 sed
1887 1635 2049 1670 utrum

640 1717 712 1745 eas
732 1698 870 1746 nobis
894 1698 1064 1746 habere
1089 1699 1225 1746 liceat
1243 1736 1254 1755 ,
1279 1701 1325 1746 in
1353 1711 1436 1748 tuo
1457 1712 1616 1748 manet
1637 1701 1886 1748 arbitrio.»

710 2245 788 2290 ⁶24.
830 2244 911 2290 His
948 2245 1118 2292 auditis
1136 2281 1149 2302 ,
1179 2246 1452 2293 recordatus
1487 2264 1590 2293 sum
1620 2248 1735 2312 quid
1778 2248 1826 2292 in
1857 2245 2048 2302 itinere,

643 2339 741 2386 quo
760 2323 976 2385 proxime
988 2324 1044 2370 ad
1063 2324 1291 2388 palatium
1308 2324 1659 2389 proficiscebar,
1678 2343 1701 2371 a
1720 2323 1926 2389 quodam
1943 2323 2054 2372 hos—

647 2400 745 2463 pite
771 2417 876 2448 meo
895 2402 1140 2449 audierim.
1170 2403 1262 2463 Qui
1286 2403 1412 2450 inter
1431 2413 1596 2450 caetera
1615 2439 1628 2460 ,
1647 2421 1754 2468 quae
1773 2420 1960 2450 mecum
1982 2401 2050 2449 lo-

646 2476 881 2542 quebatur
899 2501 909 2525 :
933 2480 1209 2545 «Numquid
1223 2483 1368 2537 nosti,
1391 2483 1477 2539 ait,
1502 2482 1653 2548 qualis
1673 2482 1729 2528 de
1749 2482 2053 2528 sanctismar-

651 2555 853 2621 tyribus,
875 2559 1153 2606 Marcellino
1173 2569 1219 2605 et
1245 2563 1402 2617 Petro,
1421 2578 1505 2624 per
1523 2560 1643 2607 hanc
1670 2560 1913 2624 regionem
1930 2559 2050 2604 fama

646 2632 848 2696 dispersa
863 2633 953 2680 sit?
967 2655 990 2679 »
1007 2635 1222 2699 Cumque
1237 2636 1282 2681 id
1296 2654 1371 2683 me
1384 2637 1565 2684 nescire
1579 2636 1931 2701 responderem,
1952 2644 2051 2680 tum

650 2708 725 2755 ille
743 2731 751 2755 :
769 2731 790 2753 «
809 2711 1002 2769 Dicunt,
1020 2711 1193 2775 inquit,
1208 2714 1289 2776 qui
1305 2713 1360 2759 de
1373 2724 1536 2761 sancto
1548 2713 1819 2761 Sebastiano
1833 2712 2047 2765 veniunt,
