1979 3348
541 223 788 261 &PPENDLX
822 223 989 261 PRIOR.
1396 221 1469 258 149

59 298 293 341 discordias
318 302 519 343 seminem
540 337 549 354 ,
576 302 756 345 fallitur.
781 302 929 359 Neque
953 302 1066 343 enim
1091 302 1132 342 in
1153 301 1234 343 hoc
1254 300 1468 342 seniorum

58 374 316 418 discordiam
348 386 387 419 et
416 379 537 436 regni
560 378 923 437 perturbationem
954 394 1041 420 esse
1060 377 1262 429 arbitror,
1283 377 1316 419 si
1341 375 1470 433 justi—

58 454 159 495 tiam
197 470 334 496 meam
372 455 575 513 quaesiero
597 490 607 508 ,
643 455 694 497 dc
732 471 817 513 qua
854 469 1123 513 nequaquam
1160 455 1274 513 prius
1311 453 1444 496 silebo
1462 487 1471 502 ,

58 530 194 573 donec
223 548 343 585 eam,
383 533 552 575 Christo
587 542 802 574 annuente
826 565 836 583 ,
877 530 1103 589 adipiscar.
1144 531 1337 589 Quidam
1373 545 1473 572 vero

56 607 319 652 arbitrantur
353 626 419 652 me
453 610 614 652 idcirco
652 610 809 652 seniori
845 618 982 651 vestro
1011 610 1074 669 (1)
1108 608 1327 651 infidelem
1362 624 1471 657 esse,

54 686 155 743 quia
173 688 381 729 seniorem
405 703 547 729 meum
565 688 630 744 (2)
648 703 734 729 non
757 686 928 744 reliqui,
949 696 990 728 et
1006 685 1070 728 illi
1090 702 1157 728 me
1176 703 1262 729 non
1282 686 1471 729 subdidi.

55 762 188 822 Quod
209 765 242 806 si
276 765 358 807 hoc
384 775 558 824 propter
581 781 647 807 res
674 764 938 807 transitorias
958 763 1146 806 facerem
1168 798 1177 816 ,
1215 780 1354 822 neque
1379 763 1439 805 illi
1462 798 1470 809 ,

54 857 193 899 neque
239 842 439 900 cuiquam
477 852 588 885 recte
632 841 890 899 intelligenti
916 874 924 893 ‚
964 840 1239 900 postmodum
1277 850 1475 898 acceptus

55 937 205 965 essem.
225 923 290 964 De
318 922 532 965 discordia
558 933 700 965 autem
725 923 904 965 istorum
936 938 1086 980 regum
1116 920 1240 964 valde
1270 931 1414 963 metuo
1438 930 1477 962 et

54 998 203 1042 dolens
235 999 332 1043 dico
354 1001 455 1059 quia
470 1036 480 1053 ‚
507 1000 609 1042 dum
633 999 695 1042 illi
712 1033 722 1052 ,
743 999 908 1058 puerile
930 998 1196 1041 attendentes
1221 996 1449 1040 consilium
1466 1030 1474 1046 ,

54 1076 272 1119 discordes
290 1078 400 1120 inter
417 1094 458 1120 se
473 1079 681 1130 existunt,
700 1077 784 1119 cito
802 1076 980 1119 forsitan
998 1110 1007 1129 ,
1031 1075 1148 1135 quod
1167 1076 1331 1117 utinam
1347 1074 1475 1126 absit,

52 1156 311 1198 exteriorum
349 1156 605 1215 sapientium
642 1166 682 1198 et
717 1154 897 1198 sortium
936 1154 1213 1196 inimicorum
1248 1154 1404 1195 virtute
1437 1162 1477 1194 et

53 1231 193 1274 studio
217 1233 270 1275 ad
289 1249 425 1276 seram
440 1232 718 1276 concordiam
742 1231 1076 1284 revocabuntur,
1094 1232 1169 1290 qui
1188 1247 1265 1273 nos
1282 1230 1475 1288 undique

52 1310 338 1354 circumdant.
375 1311 509 1371 Quod
540 1321 681 1353 autem
713 1310 993 1368 subjunxistis
1021 1308 1139 1368 quod
1161 1308 1356 1367 quaedam
1380 1307 1472 1350 loca

52 1397 195 1430 saneta
223 1387 340 1430 adire
372 1388 658 1440 decreverim,
686 1398 812 1446 atque
843 1403 866 1429 a
892 1386 992 1444 jure
1015 1386 1190 1444 proprio
1224 1384 1473 1428 subtrahere

51 1465 325 1518 tentaverim,
366 1481 452 1508 non
494 1467 592 1507 satis
627 1464 822 1522 intelligo
856 1463 961 1522 quid
1000 1462 1143 1505 dicere
1181 1461 1334 1504 velitis.
1375 1461 1472 1503 Non

49 1542 164 1584 enim
179 1542 322 1585 recolo
340 1559 407 1585 me
426 1544 590 1602 uspiam
609 1543 693 1585 hoc
712 1543 994 1600 egisse,quia,
1013 1557 1087 1600 per
1097 1541 1276 1584 Domini
1289 1541 1475 1583 clemen-

50 1619 151 1661 tiam
176 1629 218 1662 et
239 1621 418 1663 senioris
451 1621 534 1663 mei
568 1620 926 1672 misericordiam,
956 1629 1117 1662 tantam
1140 1635 1285 1662 rerum
1306 1620 1473 1678 copiam

48 1695 262 1749 habeo,ut
280 1697 388 1739 nihil
406 1697 457 1740 de
476 1697 582 1740 locis
600 1698 757 1740 sanctis
774 1697 932 1755 injuste
951 1696 1196 1740 abstrahere
1215 1697 1267 1739 sit
1287 1712 1471 1739 necesse.

46 1773 214 1817 Idcirco
241 1785 382 1818 autem
408 1786 494 1818 tam
515 1775 650 1818 multa
676 1775 846 1818 inutilia
872 1785 912 1817 et
943 1791 1050 1817 vana
1073 1774 1200 1817 facile
1223 1774 1275 1817 de
1299 1791 1366 1817 me
1385 1791 1477 1817 cre-

46 1853 147 1896 dere
163 1856 351 1912 potestis,
367 1856 469 1914 quia
483 1855 618 1897 multa
643 1865 684 1897 et
707 1855 934 1896 innumera
951 1854 1072 1896 vobis
1096 1853 1320 1896 mendacia
1338 1852 1390 1895 de
1409 1869 1476 1895 me

45 1930 159 1974 dieta
178 1942 277 1974 sunt
296 1932 350 1974 ab
368 1933 451 1984 his,
471 1933 629 1991 quibus
646 1932 755 1974 bene
777 1931 1053 1989 creditis,qui
1075 1930 1196 1972 vobis
1213 1946 1313 1972 vcra
1333 1929 1475 1972 dicere

47 2009 268 2052 deberent.
295 2010 430 2069 Quod
461 2026 561 2052 vero
589 2009 814 2052 addidistis
839 2007 1175 2050 'familiaritatem
1202 2016 1383 2049 vestram
1407 2022 1473 2049 me

46 2087 266 2140 habuisse,
302 2105 436 2147 usque
459 2088 563 2131 dum
587 2089 781 2130 animum
804 2103 949 2129 meum
981 2102 1083 2145 erga
1115 2102 1190 2128 vos
1214 2084 1472 2128 benevolum

44 2181 132 2208 esse
157 2166 365 2219 sensistis,
399 2167 548 2209 scitote
576 2166 861 2224 gratissimam
885 2165 1035 2223 utique
1058 2164 1166 2206 mihi
1190 2163 1321 2206 fuisse
1342 2162 1471 2206 'fami-

44 2243 270 2286 liaritatem
288 2254 495 2299 vestram,
525 2243 598 2286 sed
624 2244 668 2286 in
693 2260 780 2302 quo
807 2259 924 2285 nunc
949 2258 1042 2284 eam
1066 2240 1322 2284 offenderim
1341 2275 1350 2293 ‚
1372 2257 1470 2284 nes-

46 2319 128 2363 cio.
147 2320 200 2360 Et
218 2319 317 2362 licet
337 2336 412 2363 vos
429 2322 653 2379 repentina
677 2319 874 2379 quaedam
894 2328 934 2361 et
959 2318 1098 2361 subita
1120 2319 1305 2377 exagitet
1334 2328 1472 2361 muta-

45 2396 122 2447 tio,
143 2411 224 2453 ego
242 2406 383 2439 tamen
401 2398 445 2439 in
466 2397 551 2439 fide
570 2396 699 2440 semel
714 2406 850 2455 coepta
874 2395 1154 2438 libentissime
1169 2395 1466 2454 perseverabo.

45 2473 272 2525 Caeterum,
288 2473 464 2516 obsecro
486 2475 754 2517 serenitatem
778 2483 978 2525 vestram,
999 2482 1045 2515 ut
1061 2472 1230 2530 rejectis
1248 2472 1301 2514 ab
1324 2473 1468 2514 animo

1372 2585 1466 2593 <—--—-

92 2659 142 2704 (1)
169 2659 351 2694 Lothairc.

90 2723 141 2766 (2¹³
169 2725 554 2760 Chai—les-lessChauvo.
