2105 3348
611 337 684 376 184
904 331 1143 370 HISTORIA
1176 330 1590 375 TRANSLATIONIS,
1625 344 1704 369 erc.

607 428 746 481 atque
792 432 839 461 ea
879 429 985 476 quae
1023 409 1109 456 tibi
1147 420 1421 456 ostensurus
1454 418 1594 472 atque
1629 409 1841 455 dicturus
1880 425 2016 467 sum,

606 503 765 541 mente
785 490 981 537 sollicita
1002 505 1136 534 cures
1155 486 1415 533 advertere.
1435 505 1457 530 ι)

670 655 714 697 5.
755 650 893 694 Tunc
924 662 1068 692 manu
1092 642 1513 708 comprehensum,
1547 653 1601 688 ut
1629 641 1716 687 sibi
1740 640 2015 697 videbatur,

605 727 780 775 montis
807 723 1018 788 praecelsi
1045 738 1270 768 cacumen
1290 737 1451 768 secum
1470 719 1788 767 conscendere
1807 718 1938 765 fecit.
1963 720 2014 765 ln

599 822 698 870 quo
721 821 830 850 cum
854 801 995 848 simul
1020 799 1161 865 positi
1188 798 1530 846 consisterent:
1551 819 1572 842 α
1597 798 1888 845 Convertere
1906 833 1917 853 ‚
1939 797 2020 843 in-

602 882 735 947 quit,
779 879 836 926 ad
873 879 1134 933 orientem,
1172 887 1219 922 et
1244 875 1480 940 subjectos
1515 875 1666 923 oculis
1704 875 1795 921 tuis
1829 892 2020 938 campos

606 961 808 1006 intuere.
835 955 1013 1016 »Quod
1035 972 1143 1001 cum
1157 954 1357 1010 fecisset,
1380 964 1426 1001 et
1437 971 1646 1017 campos,
1661 953 1718 999 de
1741 951 1914 1017 quibus
1930 950 2017 998 sibi

603 1037 785 1084 dixerat
801 1071 812 1091 ,
841 1034 1001 1080 fuisset
1022 1032 1252 1088 intuitus,
1283 1030 1412 1078 videt
1439 1031 1488 1077 in
1523 1031 1587 1078 eis
1611 1030 1751 1078 molis
1776 1030 2019 1077 immensae

600 1114 824 1168 fabricas,
854 1113 901 1158 in
925 1109 1122 1158 modum
1138 1127 1321 1175 magnae
1339 1109 1581 1174 cujusdam
1601 1109 1802 1155 civitatis
1822 1118 2019 1155 extruc-

604 1202 690 1248 tas,
714 1201 778 1249 et,
804 1191 1124 1254 interrogatus
1143 1188 1202 1235 ab
1223 1205 1306 1246 eo,
1329 1189 1365 1235 si
1391 1189 1533 1235 sciret
1554 1187 1672 1252 quid
1697 1186 1788 1234 hoc
1810 1197 1929 1234 esset
1943 1222 1954 1242 ,
1975 1203 2022 1231 se

601 1268 783 1315 nescire
806 1266 1070 1330 respondit.
1088 1266 1216 1311 Tum
1234 1265 1336 1312 ille:
1363 1266 1548 1311 «Roma
1570 1274 1661 1321 est,
1683 1264 1860 1329 inquit,
1876 1279 2018 1327 quam

602 1344 743 1391 vides.
765 1364 787 1388 »
807 1344 1075 1408 Statimque
1090 1342 1296 1389 addidit:
1318 1363 1341 1388 «
1358 1343 1518 1406 Dirige
1533 1342 1696 1389 oculos
1722 1342 1771 1387 in
1790 1342 2019 1388 interiora

602 1422 831 1479 civitatis,
869 1432 916 1468 et
947 1421 1272 1486 contemplare
1314 1422 1349 1467 si
1395 1420 1550 1484 aliqua
1588 1418 1677 1465 tibi
1712 1420 1758 1464 in
1799 1419 1870 1465 his
1905 1418 2021 1467 locis

600 1510 820 1565 appareat
854 1499 1061 1547 eeclesia.
1095 1520 1118 1543 »
1143 1499 1364 1564 Cumque
1384 1497 1472 1544 sibi
1498 1497 1753 1563 quamdam
1777 1497 2020 1545 ecclesiam

600 1595 825 1642 apparere
869 1577 1077 1624 dixisset.
1104 1576 1301 1632 «Vade,
1335 1578 1424 1633 ait,
1468 1587 1514 1623 et
1567 1576 1780 1622 Ratleico
1816 1575 2018 1631 nuntia,

600 1655 828 1721 quoniam
858 1656 906 1702 in
931 1655 1150 1710 ecclesia,
1183 1671 1327 1719 quam
1353 1653 1497 1701 modo
1526 1653 1711 1709 vidisti,
1753 1653 1831 1699 illa
1855 1670 1928 1699 res
1954 1662 2023 1699 est

600 1733 875 1790 recondita,
914 1750 1056 1798 quam
1084 1732 1162 1779 ille
1194 1732 1393 1779 domino
1418 1748 1503 1778 suo
1533 1730 1674 1778 debet
1707 1730 1892 1777 adferre
1929 1750 1938 1775 :
1976 1740 2023 1776 et

601 1811 706 1859 ideo
731 1810 811 1858 det
843 1828 1037 1875 operam
1053 1846 1067 1869 ,
1093 1820 1147 1856 ut
1178 1828 1280 1857 eam
1304 1819 1487 1874 quanto
1513 1808 1713 1855 celerius
1735 1808 1837 1855 fieri
1864 1817 2022 1872 potest

599 1890 823 1954 accipiat,
845 1899 891 1936 et
922 1888 980 1935 ad
1001 1889 1254 1935 dominum
1284 1905 1422 1934 suum
1447 1897 1731 1934 revertatur,
1759 1907 1781 1931 »
1807 1886 2023 1951 Cumque

601 1967 678 2014 ille
707 1966 887 2013 diceret
904 2002 915 2021 ,
939 1965 1069 2030 quod
1092 1982 1236 2012 nemo
1255 1965 1313 2012 de
1337 1965 1433 2020 his,
1462 1965 1544 2030 qui
1573 1981 1733 2012 secum
1756 1974 1987 2011 venerant
2006 1999 2020 2019 ,

601 2045 649 2090 in
672 2043 942 2108 hujusmodi
963 2060 1014 2090 re
1037 2042 1179 2090 fidem
1198 2042 1337 2089 dictis
1363 2043 1458 2089 suis
1487 2052 1607 2089 esset
1627 2041 1904 2097 habiturus,
1927 2058 2022 2088 res-

599 2120 770 2185 pondit
787 2130 834 2167 et
852 2120 974 2167 dixit
996 2141 1005 2166 :
1029 2141 1050 2164 «
1074 2121 1150 2166 Tu
1165 2121 1290 2167 nosti
1305 2121 1435 2185 quod
1449 2137 1633 2176 omnes,
1653 2121 1734 2184 qui
1759 2130 1917 2166 tecum
1932 2117 2022 2165 hoc

601 2200 692 2246 iter
718 2208 894 2263 agunt,
931 2198 1017 2245 tibi
1053 2199 1230 2247 conscii
1257 2209 1371 2245 sunt
1402 2199 1510 2264 quia
1544 2198 1815 2262 complures
1843 2197 1940 2244 dies
1973 2198 2020 2242 in

600 2276 733 2322 febre
766 2276 966 2321 tertiana
990 2275 1239 2332 laborasti,
1273 2286 1320 2322 et
1353 2275 1569 2323 nondum
1601 2286 1645 2321 te
1677 2273 1735 2321 ab
1770 2274 1845 2320 illa
1877 2273 2022 2319 ullam

601 2350 1170 2399 habuisseremissionem.
1183 2352 1399 2399 -Etille
1414 2373 1423 2397 :
1441 2352 1503 2398 ita
1523 2362 1611 2408 est,
1626 2351 1802 2415 inquit,
1824 2349 2018 2396 utdicis.

601 2428 994 2492 —Quaproptcr,
1015 2431 1096 2486 ait,
1119 2431 1227 2478 volo
1244 2443 1298 2478 ut
1323 2448 1411 2495 pro
1426 2432 1561 2495 signo
1583 2429 1668 2476 tibi
1694 2430 1772 2488 sit,
1795 2440 1937 2493 atque
1951 2427 2022 2474 his

601 2505 774 2570 quibus
800 2504 939 2567 verba
977 2524 1084 2570 quae
1109 2508 1204 2554 dixi
1233 2509 1468 2556 relaturus
1491 2525 1562 2565 eS,
1591 2507 1820 2572 quoniam
1853 2523 1909 2552 ex
1936 2504 2020 2551 hac

602 2583 717 2630 hora
732 2618 744 2639 ,
769 2582 901 2629 febre
915 2619 926 2639 ,
949 2601 1039 2647 qua
1060 2602 1209 2649 usque
1233 2586 1375 2633 modo
1395 2585 1686 2633 detinebaris
1701 2620 1713 2640 ,
1740 2584 1805 2629 sic
1829 2601 1914 2647 per
1935 2583 2019 2629 Dei

602 2660 974 2707 misericordiam
996 2663 1230 2708 cariturus
1255 2681 1300 2710 es
1317 2700 1328 2720 ,
1365 2675 1419 2709 ut
1447 2675 1491 2710 te
1525 2663 1722 2710 ulterius
1746 2662 1794 2707 in
1820 2661 1910 2709 hoc
1943 2661 2022 2706 iti-

604 2755 826 2784 nercnon
846 2739 1108 2802 contingat.
1144 2760 1165 2783 »
1190 2742 1271 2786 His
1289 2741 1425 2786 dictis
1451 2739 1832 2804 expergefactus,
1863 2736 2021 2784 omnia

604 2832 707 2877 quae
737 2814 821 2860 sibi
845 2815 1009 2863 vidisse
1034 2816 1100 2861 vel
1123 2818 1302 2864 audisse
1324 2818 1591 2875 videbatur,
1609 2817 1820 2864 Ratleico
1842 2815 2019 2862 referre
