2105 3348
593 313 672 351 325
887 301 1129 340 HlSTORIA
1158 299 1577 347 TRANSLATIOMS,
1608 313 1691 338 mc.

593 405 727 452 mago
751 386 942 432 veniens
959 418 972 438 ,
1003 381 1228 444 palatium
1253 379 1471 444 Aquense
1497 377 1702 442 petebat.
1739 379 1781 424 Is
1810 396 1915 425 cum
1942 381 1988 425 in

592 473 855 512 memorato
887 459 1039 506 fundo
1067 457 1268 523 quadam
1299 467 1441 504 nocte
1470 457 1713 503 mansisset
1731 491 1745 513 ,
1777 458 1994 521 quaesivit

592 542 650 588 ab
673 539 857 602 hospite
881 555 984 594 suo,
1007 537 1043 582 si
1063 534 1240 599 aliquid
1259 533 1370 581 novi
1396 533 1453 580 de
1476 533 1650 597 palatio
1675 551 1825 597 nuper
1846 534 1996 580 audis-

593 626 677 664 set.
701 615 787 661 Cui
814 613 891 660 ille
913 633 924 658 :
951 633 973 656 «
997 611 1155 667 Nihil,
1180 610 1359 675 inquit,
1386 609 1530 657 modo
1554 608 1678 672 apud
1699 609 1874 656 aulicos
1901 618 1995 654 tam

593 691 776 740 celebre
793 700 886 746 est,
911 707 1055 755 quam
1080 689 1209 753 signa
1228 697 1275 734 et
1291 687 1490 733 virtutes
1510 703 1618 751 quae
1640 685 1765 732 fiunt
1784 685 1833 731 in
1852 685 1998 732 domo

593 769 822 817 Einhardi
856 787 940 832 per
969 767 1199 833 quosdam
1227 775 1439 823 sanctos,
1472 781 1680 829 quorum
1702 763 1922 828 reliquias
1949 763 1996 808 in

594 846 807 893 oratorio
830 844 997 892 domus
1019 860 1116 891 suae
1139 842 1311 889 habere
1334 841 1536 898 dicitur;
1566 840 1625 887 ad
1642 856 1843 904 quarum
1863 856 2002 886 vene-

594 924 831 972 rationem
845 940 1011 971 omnes
1026 921 1170 968 vicini
1183 920 1332 968 nostri
1346 919 1561 984 quotidie
1575 917 1823 977 festinant,
1836 927 1883 965 et
1896 916 2001 981 qui-

599 1016 801 1064 cumque
825 998 1041 1045 infirmus
1066 997 1150 1045 illo
1171 995 1318 1043 fuerit
1330 995 1573 1051 adductus,
1601 993 1729 1041 illico
1747 1002 1954 1039 curatur.
1974 1010 1999 1035 »

597 1105 660 1114 --
683 1075 938 1140 Coepitque
963 1075 1004 1122 ei
1032 1074 1089 1121 de
1120 1073 1215 1120 filia
1242 1072 1453 1120 mulieris
1484 1071 1638 1129 illius,
1666 1070 1870 1135 qualiter
1893 1078 2004 1116 ante

600 1170 772 1217 paucos
794 1153 890 1200 dies
913 1152 1033 1198 salva
1057 1151 1177 1197 facta
1199 1150 1277 1207 sit,
1307 1150 1620 1196 intimare.-
1635 1148 1762 1194 Tum
1777 1146 2003 1198 Gerwar-

596 1232 711 1278 dus:
735 1230 929 1287 «Vade,
955 1230 1046 1286 ait,
1072 1239 1118 1276 et
1142 1227 1353 1276 eamdem
1373 1227 1624 1273 mulierem
1647 1225 1797 1272 adduc
1823 1224 1880 1271 ad
1902 1242 2001 1279 me,

597 1319 652 1355 ut
680 1309 775 1372 ipsa
798 1306 916 1353 mihi
947 1307 1070 1352 dicat
1098 1305 1229 1370 quod
1246 1305 1407 1352 audire
1426 1303 1662 1351 desidero.
1685 1323 1708 1348 »
1729 1302 1876 1351 Venit
1897 1319 2006 1348 mu-

597 1385 704 1442 lier,
730 1393 777 1431 et
802 1384 989 1439 omnia,
1016 1391 1162 1446 prout
1182 1391 1308 1447 gesta
1333 1390 1495 1438 erant,
1527 1389 1745 1445 patenter
1768 1378 2003 1443 exposuit.

597 1460 880 1510 Gerwardus
899 1477 1032 1516 vero,
1053 1477 1162 1506 cum
1180 1460 1229 1505 in
1250 1458 1509 1505 crastinum
1531 1457 1588 1504 ad
1607 1474 1766 1522 regem
1782 1456 2004 1512 venisset,

597 1557 647 1586 ea
666 1556 775 1604 quae
794 1538 851 1585 de
875 1538 967 1595 hoc
991 1537 1126 1602 signo
1148 1535 1436 1584 revelatione
1462 1534 1588 1581 illius
1607 1534 1802 1580 feminae
1819 1550 2007 1596 compe-

598 1626 726 1664 rerat
741 1650 755 1673 ‚
787 1613 938 1662 eidem
963 1613 1207 1659 indicavit.
1235 1613 1336 1658 Rex
1361 1621 1518 1660 autem
1535 1645 1550 1668 ,
1586 1627 1695 1656 cum
1719 1626 1805 1673 ego
1837 1627 2008 1656 secun-

599 1693 716 1740 dum
734 1689 1127 1739 consuetudinem
1145 1689 1379 1753 ingressus
1398 1705 1558 1736 coram
1576 1687 1660 1734 illo
1678 1697 1874 1742 starem,
1893 1685 2010 1751 quid

601 1771 689 1818 sibi
710 1769 992 1818 Gerwardus
1012 1767 1069 1814 de
1094 1766 1184 1814 hoc
1206 1766 1438 1813 miraculo
1461 1765 1723 1821 retulisset,
1747 1774 1844 1810 tam
1863 1762 2006 1823 mihi,

601 1865 741 1914 quam
768 1846 952 1894 caeteris
975 1845 1064 1891 sibi
1091 1843 1378 1901 astantibus,
1403 1843 1613 1890 divinam
1638 1840 2009 1889 misericordiam

602 1936 744 1991 atque
763 1924 1028 1988 potentiam
1047 1922 1324 1970 admirando
1343 1921 1483 1968 simul
1501 1930 1642 1986 atque
1660 1918 1911 1976 laudando,
1935 1918 2008 1964 in-

604 2002 825 2050 sinuavit.
853 2002 930 2047 Sic
954 2017 1041 2047 nos
1070 2001 1274 2065 contigit
1297 2001 1506 2065 signum,
1543 1998 1673 2064 quod
1696 1997 1836 2045 nobis
1869 1997 2011 2060 igno-

603 2077 819 2126 rantibus
838 2078 888 2124 in
908 2078 1052 2126 domo
1072 2088 1234 2126 nostra
1252 2087 1437 2142 gestum
1457 2086 1543 2135 est,
1567 2093 1624 2123 ex
1643 2073 1910 2139 hujusmodi
1930 2090 2010 2121 re-

604 2157 782 2205 latione
806 2172 1107 2220 cognoscere.
