2105 3348
612 289 687 329 144
987 285 1050 322 AD
1082 281 1335 322 EINHARDI
1368 279 1636 318 EPISTOLAS

608 366 986 414 tium.—Noverit
1017 363 1250 406 nobilitatis
1274 371 1417 404 vestrae
1442 361 1668 420 prudentia
1688 361 1739 403 de
1757 362 1863 414 hoc,
1895 361 2013 419 quod

611 448 716 490 mihi
733 456 773 488 et
788 444 855 486 Ill.
873 441 1054 500 jussistis
1070 438 1321 481 Adimmoni
1339 441 1401 495 (1)
1419 438 1561 497 loqui,
1581 438 1650 481 Ill.
1670 455 1836 482 mecum
1856 438 2014 481 ibidem

612 540 696 566 non
715 522 795 563 suit
809 554 819 573 ‚
846 519 945 577 quia
971 518 1031 559 ire
1050 532 1136 558 non
1160 516 1299 575 potuit
1321 526 1495 574 propter
1514 516 1752 574 passionem
1773 532 1909 558 suam.
1934 515 2016 558 Sed

611 599 676 640 Ill.
706 597 848 640 omnia
872 609 1040 637 mecum
1066 594 1109 634 in
1135 591 1360 634 villanova
1386 593 1585 651 episcopo
1613 592 1905 634 intimavimus
1927 594 1990 648 (2)
2006 625 2015 643 ,

611 686 651 718 et
667 709 675 725 ‚
701 671 908 732 quicquid
930 686 1008 712 nos
1031 669 1083 711 ab
1105 668 1165 728 (3)
1186 668 1260 711 illo
1283 670 1482 729 episcopo
1510 671 1553 711 in
1577 685 1826 728 responsum
1848 671 2017 728 accepi-

611 768 727 802 mus,
756 748 928 808 quando
968 747 1035 789 Ill.
1069 747 1195 789 istum
1229 746 1349 789 vobis
1381 746 1582 790 detulerit
1616 746 1881 799 indiculum,
1923 762 2018 789 om-

609 831 728 871 nium
760 828 844 885 (4),
871 841 945 885 per
967 823 1160 866 ordinem
1195 825 1483 882 responsionis
1523 841 1628 876 suae,
1667 824 1897 883 praesentiae
1926 839 2019 865 ves-

611 918 683 950 trae
702 905 850 949 reddet
867 905 929 960 (5)
949 903 1176 944 rationem.
1197 901 1334 960 Super
1351 902 1452 954 hoc,
1476 903 1580 944 sciat
1597 901 1798 944 nobilitas
1817 911 1954 943 vestra
1977 910 2023 942 ut

612 1000 690 1042 ego
709 1018 719 1036 ‚
747 992 889 1042 postea
907 1014 917 1032 7
943 978 1056 1021 solus
1073 977 1127 1020 ad
1155 979 1402 1037 episcopum
1423 976 1502 1037 (6),
1523 979 1566 1020 in
1592 994 1761 1020 causam
1787 976 2022 1020 confessio-

614 1063 695 1114 [nis
712 1061 816 1100 veni
837 1069 878 1099 et
901 1061 1016 1108 eum]
1036 1056 1097 1113 (7)
1120 1054 1171 1097 de
1194 1054 1428 1113 conloquio
1457 1065 1583 1113 atque
1606 1054 1657 1097 de
1681 1053 1861 1113 prandio
1877 1087 1887 1107 ⁷
1907 1053 2025 1112 quod

613 1138 657 1178 in
684 1134 960 1192 Petingahem
986 1133 1046 1188 (8)
1067 1131 1224 1174 habere
1248 1131 1521 1183 debuissetis,
1553 1132 1816 1189 interrogavi
1838 1146 1915 1173 cur
1943 1131 2025 1172 hoc

614 1215 672 1256 ita
716 1212 940 1254 dimisisset
955 1244 964 1262 ‚
1009 1209 1077 1251 vel
1125 1209 1210 1267 [de]
1256 1220 1506 1252 caeterarum
1548 1225 1691 1251 rerum
1732 1208 2024 1251 varietatibus.

613 1290 767 1341 Verba,
787 1288 918 1331 veluti
939 1287 1048 1329 mihi
1066 1286 1312 1340 mandastis,
1336 1285 1397 1348 [et
1415 1285 1478 1348 uz]
1502 1286 1773 1346 possibilitati
1792 1302 1894 1328 meae
1920 1286 2026 1328 insi-

612 1368 778 1425 pientiae
793 1364 1049 1417 sufficiebat,
1070 1364 1213 1407 retuli.
1232 1364 1512 1423 Respondens
1519 1395 2023 1407 ...........

612 1454 723 1487 certe
741 1442 958 1502 quidquid
989 1442 1214 1501 episcopus
1236 1441 1447 1484 sacerdoti
1472 1440 1671 1483 confiteri
1697 1440 1844 1493 debet,
1869 1440 2029 1498 absque

612 1521 744 1564 dubio
759 1554 769 1573 ‚
790 1520 935 1562 omnia
944 1551 1395 1562 ..........
1423 1517 1552 1560 credo
1571 1528 1612 1560 et
1630 1519 1675 1560 in
1694 1528 1732 1560 te
1751 1534 1838 1560 non
1858 1517 2026 1560 dubito.

611 1601 737 1641 Tunc
761 1612 958 1656 quoque,
986 1594 1297 1654 jurejurando,
1323 1611 1421 1637 cum
1445 1595 1564 1637 omni
1572 1627 2026 1636 ..........

612 1674 891 1718 confessionis
912 1673 1041 1731 coepit
1064 1671 1206 1715 dicere
1234 1690 1243 1715 ε
1275 1671 1392 1730 quod
1416 1671 1661 1714 nullatenus
1682 1672 1904 1714 communi
1927 1687 2030 1714 con-

612 1752 759 1811 loquio
767 1783 1261 1794 ...........
1296 1760 1386 1802 ret,
1408 1750 1488 1791 nisi
1510 1749 1628 1807 quod
1649 1749 1776 1791 sciret
1801 1750 2029 1791 maximam

613 1830 897 1873 calamitatem
919 1837 1102 1870 vestram
1126 1843 1203 1886 pro
1229 1827 1395 1870 actibus
1418 1843 1470 1869 ne
1474 1860 2027 1869 ............

613 1907 707 1949 tatis
746 1904 971 1947 modulum
1014 1904 1080 1946 vel
1116 1904 1311 1946 omnium
1349 1904 1566 1946 bonorum
1604 1904 1923 1946 erumnositatis
1961 1901 2036 1945 def

618 2013 1120 2025 ...........
1146 1980 1445 2033 indigentiam.
1468 1980 1637 2023 Idcirco
1656 1980 1801 2039 ibique
1821 1996 1863 2023 se
1886 1981 2031 2023 venire

615 2057 773 2100 dimisit
791 2067 833 2100 et
850 2057 990 2099 statim
999 2089 1400 2100 .........
1425 2067 1529 2099 tunc
1552 2057 1812 2100 advenissem
1823 2090 2027 2099 .....

661 2227 712 2271 (1)
736 2225 795 2260 Sic
812 2224 942 2269 codex;
965 2225 1059 2261 forte
1076 2225 1275 2273 legendum
1294 2232 1388 2260 esset
1404 2224 1457 2259 ad
1473 2225 1687 2260 Immonem.

661 2291 710 2336 (2)
735 2290 793 2325 Sic
811 2289 942 2332 codex;
962 2292 1083 2325 forsan
1101 2290 1299 2338 legendum
1317 2291 1510 2324 intimavit.

662 2354 712 2400 (3)
737 2354 826 2391 Cod.
847 2355 899 2389 ad
914 2356 989 2390 illo.

663 2420 714 2464 (4)
739 2418 831 2453 Cod.
852 2421 985 2454 omnia.

665 2482 715 2528 (5)
741 2481 832 2517 COd.
856 2481 1029 2516 redderit.

664 2546 714 2593 (6)
739 2545 830 2582 Cod.
853 2545 905 2581 ad
922 2549 1099 2592 episcopo.

662 2612 713 2659 (7)
738 2610 802 2645 Hae
828 2616 901 2645 tres
921 2621 1024 2645 voces
1042 2621 1109 2656 pro
1134 2621 1242 2644 sensu
1265 2607 1475 2656 supplendae
1502 2614 1609 2650 sunt,
1630 2608 1796 2656 quamvis
1813 2620 1887 2643 non
1907 2621 2032 2644 earum

619 2676 775 2722 spatium
795 2674 840 2709 sit
857 2675 896 2708 in
915 2674 1054 2709 codice.

661 2740 710 2784 (8)
736 2739 819 2784 Auj.
836 2739 1037 2785 Peteghem
1054 2750 1116 2773 sur
1134 2738 1168 2773 la
1185 2739 1261 2774 rive
1276 2738 1416 2786 gauche
1434 2737 1479 2773 de
1497 2737 1675 2781 l'Escaut,
1696 2740 1714 2773 a
1736 2739 1828 2773 trois
1846 2745 1972 2786 quarts
1987 2738 2033 2773 de

618 2804 710 2839 liene
730 2804 777 2838 O.
797 2802 1054 2838 d'Audenardc
1073 2803 1353 2850 (Pettingehem
1379 2815 1440 2838 sur
1466 2802 1498 2838 la
1515 2810 1612 2839 carte
1631 2802 1677 2839 de
1696 2802 1873 2838 Besselius
1894 2803 1934 2838 E.
1955 2803 2031 2850 d.).
