2105 3348
629 261 702 297 122
1053 256 1305 297 EINHARDI
1339 259 1608 298 EPISTOLJE.

625 403 794 443 LXVIII
808 407 871 452 (1).
884 403 949 440 AD
962 402 1280 442 PRAECIPUUM
1297 404 1667 444 IMPERATRICIS
1680 406 1935 446 CAPELLAN
1946 409 2035 446 UM.

938 508 980 542 In
1000 520 1154 555 persona
1171 509 1418 557 quorumdam
1436 511 1514 556 ejus
1531 510 1719 545 clientum.

686 615 978 664 Honorando
1020 628 1162 683 atque
1201 616 1457 666 sublimato
1496 631 1543 665 et
1587 619 1756 683 spiritu
1795 621 2036 684 sapientiae

621 692 804 756 repleto
814 728 967 741 ........
1002 696 1227 759 magistro
1259 706 1401 760 atque
1426 697 1670 761 praecipuo
1694 696 1765 760 (2)
1797 697 2038 761 capellano

619 770 809 817 domnae
829 772 1158 837 imperatricis,
1179 773 1305 838 [Nm]
1399 785 1444 821 et
1465 774 1572 838 [N.]
1588 775 1739 838 (3)...‚
1762 776 1903 821 vestri
1923 775 2037 822 fide-

622 849 684 895 les
704 849 937 909 clientuli,
956 851 1175 916 perhanc
1190 852 1409 900 schedam
1425 853 1669 918 parvitatis
1685 863 1880 909 nostrae,
1900 871 2038 902 coro-

621 945 694 974 nae
717 929 791 992 (4)
806 928 1111 978 beatitudinis
1126 943 1294 979 vestrae
1312 943 1531 996 optamus
1545 932 1743 979 salutem
1756 949 2034 996 perennem.

618 1033 681 1041 ——
700 1006 995 1055 Recordetur
1018 1009 1205 1057 bonitas
1224 1020 1375 1058 vestra
1396 1010 1453 1058 de
1477 1028 1609 1056 causa
1629 1028 1772 1075 quam
1795 1010 2037 1076 quondam

619 1083 767 1130 locuti
792 1085 987 1146 fuimus,
1012 1099 1081 1146 ut,
1105 1090 1226 1136 sicut
1243 1107 1331 1136 nos
1355 1088 1656 1148 exhortastis,
1683 1100 1728 1136 et
1750 1089 1947 1154 largiter
1966 1090 2038 1153 (5)

617 1163 919 1224 promisistis,
942 1165 1004 1211 ita
1026 1167 1233 1214 feliciter
1251 1167 1449 1231 implere
1466 1167 1734 1232 procuretis
1757 1166 1881 1230 apud
1901 1165 2038 1211 illum

616 1255 760 1302 quem
786 1258 868 1288 vos
887 1243 1044 1290 scitis:
1069 1255 1115 1291 et
1140 1245 1369 1309 inquirite
1392 1255 1561 1290 utrum
1584 1262 1672 1292 nos
1700 1244 1757 1290 ad
1787 1243 1948 1298 illum,
1978 1261 2037 1289 an

615 1326 750 1378 parte
775 1317 823 1363 in
848 1319 935 1365 alia
962 1321 1155 1370 tendere
1178 1323 1455 1380 debeamus,
1485 1333 1531 1370 et
1557 1322 1721 1379 nobis,
1747 1339 1832 1386 per
1852 1320 2039 1368 fidelem

614 1394 859 1457 gerulum,
887 1410 969 1444 aut
1000 1418 1085 1463 per
1114 1412 1295 1448 vestros
1322 1401 1395 1465 (6)
1427 1401 1608 1465 apices,
1636 1400 1733 1446 cito
1759 1398 2038 1446 remandare

613 1468 895 1533 dignemini.
912 1475 1007 1523 Pro
1023 1476 1313 1524 confidentia
1329 1478 1458 1524 enim
1473 1494 1660 1542 magna,
1677 1493 1820 1541 quam
1841 1476 1888 1521 in
1903 1474 2038 1522 vobis

613 1546 839 1597 habemus
853 1588 867 1610 ,
893 1563 989 1600 tam
1007 1555 1230 1602 audacter
1254 1554 1388 1602 vobis
1411 1555 1687 1620 scripsimus
1712 1554 2037 1601 necessitatem

613 1639 844 1676 nostram.
897 1632 965 1679 De
1012 1644 1165 1680 vestra
1207 1651 1322 1681 vero
1367 1634 1591 1698 sospitate
1632 1631 1771 1679 nobis
1815 1633 2038 1678 intimare

612 1704 898 1769 dignemini,
933 1712 1041 1776 quia
1073 1724 1222 1758 vestra
1259 1713 1431 1759 sanitas
1463 1723 1626 1759 nostra
1660 1721 1729 1758 est
1761 1710 1955 1768 laetitia,
1991 1721 2038 1757 et

612 1795 761 1830 vestra
803 1786 967 1834 laetitia
1009 1800 1228 1836 nostruin
1266 1801 1336 1837 est
1374 1790 1612 1856 gaudium.
1650 1790 1753 1836 Hoc
1790 1799 2031 1853 optamus,

610 1858 701 1905 hoc
726 1861 1069 1922 desideramus,
1103 1866 1193 1914 hoc
1221 1869 1439 1932 cupimus
1468 1868 1656 1924 audire,
1684 1877 1736 1912 ut
1765 1866 1845 1913 fiat
1873 1866 2034 1912 multis

608 1936 811 1985 feliciter
839 1943 994 1988 annis.
1022 1943 1186 1993 Valete
1216 1962 1346 1990 nunc
1376 1955 1422 1991 et
1451 1961 1656 2008 semper,
1688 1944 1762 1989 vir
1783 1943 2034 2008 gloriosis-

608 2015 742 2073 sime,
763 2017 810 2064 in
830 2018 1021 2067 Christo
1041 2023 1147 2068 Jesu
1165 2023 1277 2069 etin
1297 2021 1523 2069 omnibus
1538 2021 1711 2068 sanctis
1725 2023 1836 2085 ejus.
1857 2019 2030 2066 Amen.

652 2203 704 2250 (1)
732 2215 788 2239 mx
811 2205 849 2239 iu
868 2206 956 2241 edit.

654 2264 705 2307 (2)
732 2263 822 2298 Cod.
841 2269 1042 2314 prcecipue.

654 2320 704 2368 (3)
730 2323 799 2358 Hic
828 2324 960 2361 adsunt
987 2327 1023 2361 in
1049 2328 1174 2363 codice
1199 2329 1273 2364 duo
1295 2330 1463 2373 nomina,
1491 2331 1587 2365 notis
1607 2331 1808 2377 tyronianis
1831 2331 2024 2377 inscripta,

607 2394 767 2429 quorum
798 2397 914 2419 unum
943 2388 1090 2433 penitus
1122 2401 1265 2424 erasum
1296 2397 1367 2435 est,
1407 2390 1564 2426 alterum
1596 2390 1717 2437 legere
1747 2390 1882 2425 frustra
1909 2392 2028 2426 conati

607 2454 742 2476 sumus.

652 2504 702 2548 (4)
729 2503 807 2537 Hoc
832 2503 983 2539 verbum
1007 2518 1024 2539 a
1043 2505 1202 2542 Chesnio
1225 2509 1399 2544 omissum
1419 2515 1484 2544 est.
1509 2509 1550 2543 D.
1574 2509 1760 2556 Bouquet‚
1789 2510 1882 2543 male
1907 2509 2025 2544 locuni

606 2563 802 2598 restituens
819 2580 823 2597 ς
851 2565 1072 2600 bealitudini
1090 2574 1236 2602 vestrm.

649 2623 699 2668 (5)
725 2623 816 2659 Cod.
839 2625 990 2671 largite:
1012 2625 1098 2661 edit.
1123 2628 1270 2672 largire.

652 2682 701 2728 *[(3)
726 2684 816 2718 Cod.
840 2691 998 2720 vestr-as.
