<?xml version="1.0" encoding="UTF-8"?>
<!DOCTYPE html PUBLIC "-//W3C//DTD XHTML 1.0 Transitional//EN"
    "http://www.w3.org/TR/xhtml1/DTD/xhtml1-transitional.dtd">
<html xmlns="http://www.w3.org/1999/xhtml" xml:lang="en" lang="en">
 <head>
  <title>
</title>
<meta http-equiv="Content-Type" content="text/html;charset=utf-8" />
  <meta name='ocr-system' content='tesseract 3.04.00' />
  <meta name='ocr-capabilities' content='ocr_page ocr_carea ocr_par ocr_line ocrx_word'/>
</head>
<body>
  <div class='ocr_page' id='page_1' title='image "./einhardiomniaqua02einhuoft_0180.png"; bbox 0 0 2105 3348; ppageno 0'>
   <div class='ocr_carea' id='block_1_1' title="bbox 575 284 1591 325">
    <p class='ocr_par' dir='ltr' id='par_1_1' title="bbox 575 284 1591 325">
     <span class='ocr_line' id='line_1_1' title="bbox 575 284 1591 325; baseline -0.002 -1"><span class='ocrx_word' id='word_1_1' title='bbox 575 289 648 325; x_wconf 73' lang='lat'>152</span> <span class='ocrx_word' id='word_1_2' title='bbox 947 287 1011 323; x_wconf 88' lang='lat' dir='ltr'>AD</span> <span class='ocrx_word' id='word_1_3' title='bbox 1044 285 1295 322; x_wconf 83' lang='lat' dir='ltr'><strong>EINHARDI</strong></span> <span class='ocrx_word' id='word_1_4' title='bbox 1327 284 1591 322; x_wconf 84' lang='lat' dir='ltr'><strong>EPISTOLAS</strong></span> 
     </span>
    </p>
   </div>
   <div class='ocr_carea' id='block_1_2' title="bbox 565 363 1989 1812">
    <p class='ocr_par' dir='ltr' id='par_1_2' title="bbox 565 363 1989 1812">
     <span class='ocr_line' id='line_1_2' title="bbox 571 363 1970 423; baseline -0.001 -14"><span class='ocrx_word' id='word_1_5' title='bbox 571 366 696 409; x_wconf 76' lang='lat' dir='ltr'>laetati</span> <span class='ocrx_word' id='word_1_6' title='bbox 719 380 877 407; x_wconf 88' lang='lat' dir='ltr'>sumus.</span> <span class='ocrx_word' id='word_1_7' title='bbox 908 364 1012 406; x_wconf 88' lang='lat' dir='ltr'>Inde</span> <span class='ocrx_word' id='word_1_8' title='bbox 1035 366 1206 423; x_wconf 81' lang='lat' dir='ltr'>navigio</span> <span class='ocrx_word' id='word_1_9' title='bbox 1222 399 1231 417; x_wconf 90' lang='lat'>,</span> <span class='ocrx_word' id='word_1_10' title='bbox 1266 365 1400 423; x_wconf 83' lang='lat' dir='ltr'><strong>pisces</strong></span> <span class='ocrx_word' id='word_1_11' title='bbox 1418 363 1626 423; x_wconf 87' lang='lat' dir='ltr'>capiendo</span> <span class='ocrx_word' id='word_1_12' title='bbox 1643 397 1653 416; x_wconf 88' lang='lat'>,</span> <span class='ocrx_word' id='word_1_13' title='bbox 1673 363 1726 406; x_wconf 90' lang='lat' dir='ltr'>ad</span> <span class='ocrx_word' id='word_1_14' title='bbox 1753 364 1896 408; x_wconf 81' lang='lat' dir='ltr'>villam</span> <span class='ocrx_word' id='word_1_15' title='bbox 1913 366 1970 408; x_wconf 82' lang='lat' dir='ltr'>N.</span> 
     </span>
     <span class='ocr_line' id='line_1_3' title="bbox 569 440 1972 502; baseline -0.001 -16"><span class='ocrx_word' id='word_1_16' title='bbox 569 444 851 502; x_wconf 80' lang='lat' dir='ltr'>pervenimus.</span> <span class='ocrx_word' id='word_1_17' title='bbox 885 441 1049 484; x_wconf 88' lang='lat' dir='ltr'>Tassilo</span> <span class='ocrx_word' id='word_1_18' title='bbox 1086 458 1209 494; x_wconf 79' lang='lat' dir='ltr'>vero,</span> <span class='ocrx_word' id='word_1_19' title='bbox 1241 451 1287 484; x_wconf 91' lang='lat' dir='ltr'>ut</span> <span class='ocrx_word' id='word_1_20' title='bbox 1310 457 1549 501; x_wconf 81' lang='lat' dir='ltr'>speramUS,</span> <span class='ocrx_word' id='word_1_21' title='bbox 1582 440 1718 484; x_wconf 88' lang='lat' dir='ltr'>fidelis</span> <span class='ocrx_word' id='word_1_22' title='bbox 1740 453 1894 495; x_wconf 77' lang='lat' dir='ltr'>vester,</span> <span class='ocrx_word' id='word_1_23' title='bbox 1920 442 1972 485; x_wconf 86' lang='lat' dir='ltr'>de</span> 
     </span>
     <span class='ocr_line' id='line_1_4' title="bbox 569 517 1974 576; baseline 0.001 -16"><span class='ocrx_word' id='word_1_24' title='bbox 569 520 649 567; x_wconf 72' lang='lat' dir='ltr'>his,</span> <span class='ocrx_word' id='word_1_25' title='bbox 664 534 756 576; x_wconf 86' lang='lat' dir='ltr'>quae</span> <span class='ocrx_word' id='word_1_26' title='bbox 767 517 820 559; x_wconf 88' lang='lat' dir='ltr'>ab</span> <span class='ocrx_word' id='word_1_27' title='bbox 838 533 887 560; x_wconf 88' lang='lat' dir='ltr'>co</span> <span class='ocrx_word' id='word_1_28' title='bbox 905 519 1191 576; x_wconf 64' lang='lat' dir='ltr'>quaesivimus,</span> <span class='ocrx_word' id='word_1_29' title='bbox 1211 519 1461 561; x_wconf 72' lang='lat' dir='ltr'><strong>festinanter</strong></span> <span class='ocrx_word' id='word_1_30' title='bbox 1475 518 1598 560; x_wconf 91' lang='lat' dir='ltr'>nobis</span> <span class='ocrx_word' id='word_1_31' title='bbox 1616 518 1658 560; x_wconf 91' lang='lat' dir='ltr'>in</span> <span class='ocrx_word' id='word_1_32' title='bbox 1678 519 1874 562; x_wconf 90' lang='lat' dir='ltr'>omnibus</span> <span class='ocrx_word' id='word_1_33' title='bbox 1887 535 1974 562; x_wconf 87' lang='lat' dir='ltr'>res-</span> 
     </span>
     <span class='ocr_line' id='line_1_5' title="bbox 568 594 1971 655; baseline 0.001 -19"><span class='ocrx_word' id='word_1_34' title='bbox 568 611 748 653; x_wconf 85' lang='lat' dir='ltr'>ponsum</span> <span class='ocrx_word' id='word_1_35' title='bbox 768 594 884 637; x_wconf 88' lang='lat' dir='ltr'>dedit</span> <span class='ocrx_word' id='word_1_36' title='bbox 901 605 941 638; x_wconf 91' lang='lat' dir='ltr'>et</span> <span class='ocrx_word' id='word_1_37' title='bbox 957 605 1154 654; x_wconf 81' lang='lat' dir='ltr'>putamus</span> <span class='ocrx_word' id='word_1_38' title='bbox 1170 630 1179 647; x_wconf 90' lang='lat'>,</span> <span class='ocrx_word' id='word_1_39' title='bbox 1200 597 1233 638; x_wconf 92' lang='lat' dir='ltr'>si</span> <span class='ocrx_word' id='word_1_40' title='bbox 1250 612 1346 638; x_wconf 90' lang='lat' dir='ltr'>eum</span> <span class='ocrx_word' id='word_1_41' title='bbox 1365 595 1662 655; x_wconf 78' lang='lat' dir='ltr'>probaveritis,</span> <span class='ocrx_word' id='word_1_42' title='bbox 1681 605 1722 637; x_wconf 94' lang='lat' dir='ltr'>et</span> <span class='ocrx_word' id='word_1_43' title='bbox 1739 596 1971 638; x_wconf 89' lang='lat' dir='ltr'>secundum</span> 
     </span>
     <span class='ocr_line' id='line_1_6' title="bbox 570 672 1972 732; baseline 0.002 -19"><span class='ocrx_word' id='word_1_44' title='bbox 570 673 787 714; x_wconf 82' lang='lat' dir='ltr'>scientiam</span> <span class='ocrx_word' id='word_1_45' title='bbox 819 672 883 714; x_wconf 87' lang='lat' dir='ltr'>vel</span> <span class='ocrx_word' id='word_1_46' title='bbox 910 672 1150 716; x_wconf 84' lang='lat' dir='ltr'>doctrinam</span> <span class='ocrx_word' id='word_1_47' title='bbox 1180 685 1360 717; x_wconf 74' lang='lat' dir='ltr'>vestram</span> <span class='ocrx_word' id='word_1_48' title='bbox 1378 708 1387 726; x_wconf 88' lang='lat'>,</span> <span class='ocrx_word' id='word_1_49' title='bbox 1413 673 1576 732; x_wconf 90' lang='lat' dir='ltr'>aliquid</span> <span class='ocrx_word' id='word_1_50' title='bbox 1601 674 1817 717; x_wconf 78' lang='lat' dir='ltr'>servitium</span> <span class='ocrx_word' id='word_1_51' title='bbox 1841 675 1879 717; x_wconf 91' lang='lat' dir='ltr'>ei</span> <span class='ocrx_word' id='word_1_52' title='bbox 1903 675 1972 716; x_wconf 90' lang='lat' dir='ltr'>in-</span> 
     </span>
     <span class='ocr_line' id='line_1_7' title="bbox 565 750 1975 810; baseline 0.002 -20"><span class='ocrx_word' id='word_1_53' title='bbox 565 750 813 806; x_wconf 74' lang='lat' dir='ltr'>junxeritis,</span> <span class='ocrx_word' id='word_1_54' title='bbox 845 750 961 808; x_wconf 89' lang='lat' dir='ltr'>quod</span> <span class='ocrx_word' id='word_1_55' title='bbox 983 751 1104 794; x_wconf 75' lang='lat' dir='ltr'>vobis</span> <span class='ocrx_word' id='word_1_56' title='bbox 1122 751 1271 794; x_wconf 80' lang='lat' dir='ltr'>exinde</span> <span class='ocrx_word' id='word_1_57' title='bbox 1290 751 1458 810; x_wconf 86' lang='lat' dir='ltr'>placere</span> <span class='ocrx_word' id='word_1_58' title='bbox 1485 784 1788 794; x_wconf 87' lang='grc'><strong>.......</strong></span> <span class='ocrx_word' id='word_1_59' title='bbox 1823 761 1854 793; x_wconf 91' lang='lat' dir='ltr'>t.</span> <span class='ocrx_word' id='word_1_60' title='bbox 1879 752 1975 794; x_wconf 88' lang='lat' dir='ltr'>Pre-</span> 
     </span>
     <span class='ocr_line' id='line_1_8' title="bbox 569 827 1974 889; baseline 0.002 -21"><span class='ocrx_word' id='word_1_61' title='bbox 569 843 717 869; x_wconf 80' lang='lat' dir='ltr'>camur</span> <span class='ocrx_word' id='word_1_62' title='bbox 739 827 923 887; x_wconf 87' lang='lat' dir='ltr'>denique</span> <span class='ocrx_word' id='word_1_63' title='bbox 945 839 992 871; x_wconf 88' lang='lat' dir='ltr'>ut</span> <span class='ocrx_word' id='word_1_64' title='bbox 1006 829 1080 872; x_wconf 92' lang='lat' dir='ltr'>illo</span> <span class='ocrx_word' id='word_1_65' title='bbox 1099 830 1320 889; x_wconf 60' lang='lat' dir='ltr'>praeposito</span> <span class='ocrx_word' id='word_1_66' title='bbox 1339 839 1477 872; x_wconf 83' lang='lat' dir='ltr'>vestro</span> <span class='ocrx_word' id='word_1_67' title='bbox 1497 829 1751 888; x_wconf 84' lang='lat' dir='ltr'>praecipiatis</span> <span class='ocrx_word' id='word_1_68' title='bbox 1767 839 1814 872; x_wconf 90' lang='lat' dir='ltr'>ut</span> <span class='ocrx_word' id='word_1_69' title='bbox 1831 828 1882 871; x_wconf 92' lang='lat' dir='ltr'>de</span> <span class='ocrx_word' id='word_1_70' title='bbox 1900 828 1974 871; x_wconf 88' lang='lat' dir='ltr'>illo</span> 
     </span>
     <span class='ocr_line' id='line_1_9' title="bbox 569 905 1975 963; baseline 0.001 -17"><span class='ocrx_word' id='word_1_71' title='bbox 569 919 734 957; x_wconf 88' lang='lat' dir='ltr'>manso,</span> <span class='ocrx_word' id='word_1_72' title='bbox 760 921 845 963; x_wconf 91' lang='lat' dir='ltr'>quo</span> <span class='ocrx_word' id='word_1_73' title='bbox 867 915 1003 948; x_wconf 84' lang='lat' dir='ltr'>vestra</span> <span class='ocrx_word' id='word_1_74' title='bbox 1022 907 1173 949; x_wconf 82' lang='lat' dir='ltr'>caritas</span> <span class='ocrx_word' id='word_1_75' title='bbox 1190 906 1312 948; x_wconf 89' lang='lat' dir='ltr'>nobis</span> <span class='ocrx_word' id='word_1_76' title='bbox 1329 905 1622 958; x_wconf 81' lang='lat' dir='ltr'>beneficiavit,</span> <span class='ocrx_word' id='word_1_77' title='bbox 1645 905 1807 948; x_wconf 88' lang='lat' dir='ltr'>bonum</span> <span class='ocrx_word' id='word_1_78' title='bbox 1837 915 1975 948; x_wconf 87' lang='lat' dir='ltr'>certa-</span> 
     </span>
     <span class='ocr_line' id='line_1_10' title="bbox 570 981 1975 1042; baseline 0.002 -21"><span class='ocrx_word' id='word_1_79' title='bbox 570 996 667 1022; x_wconf 89' lang='lat' dir='ltr'>men</span> <span class='ocrx_word' id='word_1_80' title='bbox 689 1014 699 1032; x_wconf 88' lang='lat'>,</span> <span class='ocrx_word' id='word_1_81' title='bbox 737 981 971 1025; x_wconf 91' lang='lat' dir='ltr'>secundum</span> <span class='ocrx_word' id='word_1_82' title='bbox 1010 984 1332 1042; x_wconf 86' lang='lat' dir='ltr'>promissionem</span> <span class='ocrx_word' id='word_1_83' title='bbox 1361 993 1541 1026; x_wconf 82' lang='lat' dir='ltr'>vestram</span> <span class='ocrx_word' id='word_1_84' title='bbox 1556 1019 1566 1039; x_wconf 82' lang='lat'>,</span> <span class='ocrx_word' id='word_1_85' title='bbox 1599 984 1755 1027; x_wconf 84' lang='lat' dir='ltr'>habere</span> <span class='ocrx_word' id='word_1_86' title='bbox 1788 982 1975 1033; x_wconf 81' lang='lat' dir='ltr'>studeat,</span> 
     </span>
     <span class='ocr_line' id='line_1_11' title="bbox 570 1056 1979 1119; baseline 0.002 -21"><span class='ocrx_word' id='word_1_87' title='bbox 570 1056 753 1114; x_wconf 83' lang='lat' dir='ltr'>qualiter</span> <span class='ocrx_word' id='word_1_88' title='bbox 790 1058 913 1101; x_wconf 89' lang='lat' dir='ltr'>nobis</span> <span class='ocrx_word' id='word_1_89' title='bbox 946 1059 1149 1118; x_wconf 85' lang='lat' dir='ltr'>vobisque</span> <span class='ocrx_word' id='word_1_90' title='bbox 1177 1061 1328 1103; x_wconf 80' lang='lat' dir='ltr'>exinde</span> <span class='ocrx_word' id='word_1_91' title='bbox 1367 1078 1528 1105; x_wconf 86' lang='lat' dir='ltr'>merces</span> <span class='ocrx_word' id='word_1_92' title='bbox 1563 1064 1624 1119; x_wconf 92' lang='lat'>(1)</span> <span class='ocrx_word' id='word_1_93' title='bbox 1656 1061 1888 1104; x_wconf 83' lang='lat' dir='ltr'>adcrescat.</span> <span class='ocrx_word' id='word_1_94' title='bbox 1914 1059 1979 1101; x_wconf 84' lang='lat' dir='ltr'>De</span> 
     </span>
     <span class='ocr_line' id='line_1_12' title="bbox 570 1134 1979 1196; baseline 0.001 -20"><span class='ocrx_word' id='word_1_95' title='bbox 570 1134 747 1192; x_wconf 86' lang='lat' dir='ltr'>plumbo</span> <span class='ocrx_word' id='word_1_96' title='bbox 755 1169 1007 1180; x_wconf 90' lang='grc'><strong>......</strong></span> <span class='ocrx_word' id='word_1_97' title='bbox 1029 1148 1069 1180; x_wconf 89' lang='lat' dir='ltr'>et</span> <span class='ocrx_word' id='word_1_98' title='bbox 1087 1139 1378 1182; x_wconf 84' lang='lat' dir='ltr'>materiamine</span> <span class='ocrx_word' id='word_1_99' title='bbox 1396 1140 1591 1183; x_wconf 88' lang='lat' dir='ltr'>similiter</span> <span class='ocrx_word' id='word_1_100' title='bbox 1607 1139 1861 1183; x_wconf 67' lang='lat' dir='ltr'>demandata</span> <span class='ocrx_word' id='word_1_101' title='bbox 1880 1153 1979 1196; x_wconf 88' lang='lat' dir='ltr'>qua-</span> 
     </span>
     <span class='ocr_line' id='line_1_13' title="bbox 574 1210 1980 1273; baseline 0.002 -21"><span class='ocrx_word' id='word_1_102' title='bbox 574 1210 668 1253; x_wconf 89' lang='lat' dir='ltr'>liter</span> <span class='ocrx_word' id='word_1_103' title='bbox 698 1214 886 1271; x_wconf 72' lang='lat' dir='ltr'>navigio,</span> <span class='ocrx_word' id='word_1_104' title='bbox 911 1215 1033 1271; x_wconf 85' lang='lat' dir='ltr'>juxta</span> <span class='ocrx_word' id='word_1_105' title='bbox 1054 1215 1314 1258; x_wconf 79' lang='lat' dir='ltr'>voluntatem</span> <span class='ocrx_word' id='word_1_106' title='bbox 1323 1249 1578 1260; x_wconf 81' lang='grc'><strong>......</strong></span> <span class='ocrx_word' id='word_1_107' title='bbox 1615 1217 1726 1259; x_wconf 89' lang='lat' dir='ltr'>lesco</span> <span class='ocrx_word' id='word_1_108' title='bbox 1749 1215 1822 1258; x_wconf 89' lang='lat' dir='ltr'>illo</span> <span class='ocrx_word' id='word_1_109' title='bbox 1847 1229 1980 1273; x_wconf 89' lang='lat' dir='ltr'>usque</span> 
     </span>
     <span class='ocr_line' id='line_1_14' title="bbox 573 1287 1977 1348; baseline 0.003 -19"><span class='ocrx_word' id='word_1_110' title='bbox 573 1287 624 1329; x_wconf 90' lang='lat' dir='ltr'>ad</span> <span class='ocrx_word' id='word_1_111' title='bbox 649 1288 810 1343; x_wconf 90' lang='lat' dir='ltr'>locum,</span> <span class='ocrx_word' id='word_1_112' title='bbox 827 1290 900 1332; x_wconf 93' lang='lat' dir='ltr'>ubi</span> <span class='ocrx_word' id='word_1_113' title='bbox 919 1291 1051 1348; x_wconf 78' lang='lat' dir='ltr'>Signa</span> <span class='ocrx_word' id='word_1_114' title='bbox 1069 1293 1246 1335; x_wconf 88' lang='lat' dir='ltr'>confluit</span> <span class='ocrx_word' id='word_1_115' title='bbox 1268 1294 1310 1335; x_wconf 90' lang='lat' dir='ltr'>in</span> <span class='ocrx_word' id='word_1_116' title='bbox 1335 1309 1477 1347; x_wconf 85' lang='lat' dir='ltr'>mare,</span> <span class='ocrx_word' id='word_1_117' title='bbox 1499 1310 1577 1336; x_wconf 89' lang='lat' dir='ltr'>nos</span> <span class='ocrx_word' id='word_1_118' title='bbox 1593 1295 1651 1336; x_wconf 77' lang='lat' dir='ltr'>ita</span> <span class='ocrx_word' id='word_1_119' title='bbox 1671 1293 1883 1336; x_wconf 85' lang='lat' dir='ltr'>adducere</span> <span class='ocrx_word' id='word_1_120' title='bbox 1920 1325 1928 1334; x_wconf 87' lang='lat'><strong>.</strong></span> <span class='ocrx_word' id='word_1_121' title='bbox 1968 1325 1977 1333; x_wconf 87' lang='lat'>.</span> 
     </span>
     <span class='ocr_line' id='line_1_15' title="bbox 577 1368 1979 1425; baseline 0.004 -20"><span class='ocrx_word' id='word_1_122' title='bbox 577 1398 781 1408; x_wconf 88' lang='grc'><strong>.....</strong></span> <span class='ocrx_word' id='word_1_123' title='bbox 817 1377 1026 1425; x_wconf 89' lang='lat' dir='ltr'>quatenus</span> <span class='ocrx_word' id='word_1_124' title='bbox 1050 1368 1274 1411; x_wconf 89' lang='lat' dir='ltr'>dominum</span> <span class='ocrx_word' id='word_1_125' title='bbox 1302 1386 1443 1412; x_wconf 91' lang='lat' dir='ltr'>meum</span> <span class='ocrx_word' id='word_1_126' title='bbox 1466 1381 1659 1413; x_wconf 87' lang='lat' dir='ltr'>sanctum</span> <span class='ocrx_word' id='word_1_127' title='bbox 1682 1369 1835 1420; x_wconf 89' lang='lat' dir='ltr'>Illum,</span> <span class='ocrx_word' id='word_1_128' title='bbox 1861 1384 1979 1411; x_wconf 88' lang='lat' dir='ltr'>ama-</span> 
     </span>
     <span class='ocr_line' id='line_1_16' title="bbox 571 1444 1984 1506; baseline 0.003 -24"><span class='ocrx_word' id='word_1_129' title='bbox 571 1451 704 1484; x_wconf 87' lang='lat' dir='ltr'>torem</span> <span class='ocrx_word' id='word_1_130' title='bbox 725 1444 787 1499; x_wconf 82' lang='lat'>(2)</span> <span class='ocrx_word' id='word_1_131' title='bbox 810 1454 994 1487; x_wconf 87' lang='lat' dir='ltr'>vestrum</span> <span class='ocrx_word' id='word_1_132' title='bbox 1010 1479 1020 1498; x_wconf 90' lang='lat'>,</span> <span class='ocrx_word' id='word_1_133' title='bbox 1037 1462 1122 1488; x_wconf 84' lang='lat' dir='ltr'>una</span> <span class='ocrx_word' id='word_1_134' title='bbox 1147 1462 1244 1489; x_wconf 91' lang='lat' dir='ltr'>cum</span> <span class='ocrx_word' id='word_1_135' title='bbox 1278 1447 1477 1490; x_wconf 90' lang='lat' dir='ltr'>omnibus</span> <span class='ocrx_word' id='word_1_136' title='bbox 1498 1449 1652 1490; x_wconf 81' lang='lat' dir='ltr'>sanctis</span> <span class='ocrx_word' id='word_1_137' title='bbox 1673 1462 1859 1506; x_wconf 89' lang='lat' dir='ltr'>quorum</span> <span class='ocrx_word' id='word_1_138' title='bbox 1884 1444 1984 1487; x_wconf 87' lang='lat' dir='ltr'>reli-</span> 
     </span>
     <span class='ocr_line' id='line_1_17' title="bbox 571 1521 1980 1578; baseline 0.003 -17"><span class='ocrx_word' id='word_1_139' title='bbox 571 1521 691 1578; x_wconf 91' lang='lat' dir='ltr'>quias</span> <span class='ocrx_word' id='word_1_140' title='bbox 703 1521 747 1563; x_wconf 90' lang='lat' dir='ltr'>in</span> <span class='ocrx_word' id='word_1_141' title='bbox 763 1524 1020 1566; x_wconf 86' lang='lat' dir='ltr'>monasterio</span> <span class='ocrx_word' id='word_1_142' title='bbox 1038 1524 1244 1568; x_wconf 84' lang='lat' dir='ltr'>habemus</span> <span class='ocrx_word' id='word_1_143' title='bbox 1259 1559 1269 1578; x_wconf 90' lang='lat'>,</span> <span class='ocrx_word' id='word_1_144' title='bbox 1289 1527 1588 1569; x_wconf 87' lang='lat' dir='ltr'>intercessores</span> <span class='ocrx_word' id='word_1_145' title='bbox 1605 1525 1757 1569; x_wconf 82' lang='lat' dir='ltr'>exinde</span> <span class='ocrx_word' id='word_1_146' title='bbox 1774 1524 1980 1567; x_wconf 85' lang='lat' dir='ltr'>habeatis.</span> 
     </span>
     <span class='ocr_line' id='line_1_18' title="bbox 571 1599 1989 1662; baseline 0.002 -23"><span class='ocrx_word' id='word_1_147' title='bbox 571 1599 687 1640; x_wconf 88' lang='lat' dir='ltr'>Deus</span> <span class='ocrx_word' id='word_1_148' title='bbox 712 1600 982 1658; x_wconf 86' lang='lat' dir='ltr'>omnipotens</span> <span class='ocrx_word' id='word_1_149' title='bbox 1004 1617 1054 1643; x_wconf 84' lang='lat' dir='ltr'>ex</span> <span class='ocrx_word' id='word_1_150' title='bbox 1077 1601 1143 1644; x_wconf 92' lang='lat' dir='ltr'>his</span> <span class='ocrx_word' id='word_1_151' title='bbox 1170 1603 1433 1662; x_wconf 82' lang='lat' dir='ltr'>temporibus</span> <span class='ocrx_word' id='word_1_152' title='bbox 1459 1604 1503 1646; x_wconf 91' lang='lat' dir='ltr'>in</span> <span class='ocrx_word' id='word_1_153' title='bbox 1525 1603 1721 1662; x_wconf 85' lang='lat' dir='ltr'>praesenti</span> <span class='ocrx_word' id='word_1_154' title='bbox 1745 1601 1888 1644; x_wconf 90' lang='lat' dir='ltr'>seculo</span> <span class='ocrx_word' id='word_1_155' title='bbox 1912 1616 1989 1643; x_wconf 79' lang='lat' dir='ltr'>vos</span> 
     </span>
     <span class='ocr_line' id='line_1_19' title="bbox 572 1677 1986 1733; baseline 0.001 -16"><span class='ocrx_word' id='word_1_156' title='bbox 572 1691 721 1718; x_wconf 86' lang='lat' dir='ltr'>sanum</span> <span class='ocrx_word' id='word_1_157' title='bbox 757 1686 798 1719; x_wconf 91' lang='lat' dir='ltr'>et</span> <span class='ocrx_word' id='word_1_158' title='bbox 827 1677 1087 1721; x_wconf 91' lang='lat' dir='ltr'>incolumem</span> <span class='ocrx_word' id='word_1_159' title='bbox 1117 1679 1326 1722; x_wconf 80' lang='lat' dir='ltr'>custodiat</span> <span class='ocrx_word' id='word_1_160' title='bbox 1357 1690 1396 1723; x_wconf 92' lang='lat' dir='ltr'>et</span> <span class='ocrx_word' id='word_1_161' title='bbox 1418 1681 1460 1723; x_wconf 92' lang='lat' dir='ltr'>in</span> <span class='ocrx_word' id='word_1_162' title='bbox 1489 1681 1663 1733; x_wconf 77' lang='lat' dir='ltr'>futuro,</span> <span class='ocrx_word' id='word_1_163' title='bbox 1700 1695 1798 1723; x_wconf 91' lang='lat' dir='ltr'>cum</span> <span class='ocrx_word' id='word_1_164' title='bbox 1830 1679 1986 1722; x_wconf 86' lang='lat' dir='ltr'>sanctis</span> 
     </span>
     <span class='ocr_line' id='line_1_20' title="bbox 572 1754 1412 1812; baseline 0.005 -16"><span class='ocrx_word' id='word_1_165' title='bbox 572 1754 750 1812; x_wconf 80' lang='lat' dir='ltr'>angelis,</span> <span class='ocrx_word' id='word_1_166' title='bbox 767 1754 1056 1798; x_wconf 84' lang='lat' dir='ltr'>laetabundum</span> <span class='ocrx_word' id='word_1_167' title='bbox 1075 1757 1243 1800; x_wconf 84' lang='lat' dir='ltr'>efficiat.</span> <span class='ocrx_word' id='word_1_168' title='bbox 1258 1758 1412 1800; x_wconf 88' lang='lat' dir='ltr'>Amen.</span> 
     </span>
    </p>
   </div>
   <div class='ocr_carea' id='block_1_3' title="bbox 1220 1851 1332 1888">
    <p class='ocr_par' dir='ltr' id='par_1_3' title="bbox 1220 1851 1332 1888">
     <span class='ocr_line' id='line_1_21' title="bbox 1220 1851 1332 1888; baseline 0 0"><span class='ocrx_word' id='word_1_169' title='bbox 1220 1851 1332 1888; x_wconf 77' lang='lat' dir='ltr'>*VL</span> 
     </span>
    </p>
   </div>
   <div class='ocr_carea' id='block_1_4' title="bbox 629 1938 1983 1995">
    <p class='ocr_par' dir='ltr' id='par_1_4' title="bbox 629 1938 1983 1995">
     <span class='ocr_line' id='line_1_22' title="bbox 629 1938 1983 1995; baseline -0.001 -14"><span class='ocrx_word' id='word_1_170' title='bbox 629 1939 692 1995; x_wconf 81' lang='lat'>(3)</span> <span class='ocrx_word' id='word_1_171' title='bbox 714 1939 902 1981; x_wconf 90' lang='lat' dir='ltr'>Domino</span> <span class='ocrx_word' id='word_1_172' title='bbox 928 1939 1279 1992; x_wconf 86' lang='lat' dir='ltr'>clementissimo,</span> <span class='ocrx_word' id='word_1_173' title='bbox 1308 1957 1332 1982; x_wconf 79' lang='lat' dir='ltr'>a</span> <span class='ocrx_word' id='word_1_174' title='bbox 1362 1942 1453 1983; x_wconf 92' lang='lat' dir='ltr'>Deo</span> <span class='ocrx_word' id='word_1_175' title='bbox 1486 1940 1620 1983; x_wconf 85' lang='lat' dir='ltr'>electo</span> <span class='ocrx_word' id='word_1_176' title='bbox 1652 1951 1692 1982; x_wconf 85' lang='lat' dir='ltr'>et</span> <span class='ocrx_word' id='word_1_177' title='bbox 1730 1938 1983 1989; x_wconf 86' lang='lat' dir='ltr'>sublimato,</span> 
     </span>
    </p>
   </div>
   <div class='ocr_carea' id='block_1_5' title="bbox 567 2081 1986 2709">
    <p class='ocr_par' dir='ltr' id='par_1_5' title="bbox 616 2081 1885 2130">
     <span class='ocr_line' id='line_1_23' title="bbox 616 2081 1885 2130; baseline 0 -14"><span class='ocrx_word' id='word_1_178' title='bbox 616 2084 668 2125; x_wconf 77' lang='grc' dir='ltr'>(ι)</span> <span class='ocrx_word' id='word_1_179' title='bbox 690 2081 780 2118; x_wconf 87' lang='lat' dir='ltr'>Cod.</span> <span class='ocrx_word' id='word_1_180' title='bbox 804 2085 945 2117; x_wconf 78' lang='lat' dir='ltr'>mercis.</span> <span class='ocrx_word' id='word_1_181' title='bbox 967 2090 1002 2117; x_wconf 84' lang='lat' dir='ltr'>et</span> <span class='ocrx_word' id='word_1_182' title='bbox 1020 2082 1154 2119; x_wconf 85' lang='lat' dir='ltr'>deinde</span> <span class='ocrx_word' id='word_1_183' title='bbox 1173 2084 1330 2130; x_wconf 86' lang='lat' dir='ltr'>spatium</span> <span class='ocrx_word' id='word_1_184' title='bbox 1350 2084 1459 2118; x_wconf 88' lang='lat' dir='ltr'>unius</span> <span class='ocrx_word' id='word_1_185' title='bbox 1478 2085 1573 2119; x_wconf 90' lang='lat' dir='ltr'>vocis</span> <span class='ocrx_word' id='word_1_186' title='bbox 1587 2095 1741 2119; x_wconf 90' lang='lat' dir='ltr'>vacuum</span> <span class='ocrx_word' id='word_1_187' title='bbox 1762 2082 1885 2117; x_wconf 85' lang='lat' dir='ltr'>habet.</span> 
     </span>
    </p>

    <p class='ocr_par' dir='ltr' id='par_1_6' title="bbox 616 2145 1010 2190">
     <span class='ocr_line' id='line_1_24' title="bbox 616 2145 1010 2190; baseline 0.003 -11"><span class='ocrx_word' id='word_1_188' title='bbox 616 2147 666 2190; x_wconf 86' lang='lat'>(2)</span> <span class='ocrx_word' id='word_1_189' title='bbox 692 2145 782 2182; x_wconf 92' lang='lat' dir='ltr'>Cod.</span> <span class='ocrx_word' id='word_1_190' title='bbox 801 2152 1010 2181; x_wconf 78' lang='lat' dir='ltr'>amotorem.</span> 
     </span>
    </p>

    <p class='ocr_par' dir='ltr' id='par_1_7' title="bbox 567 2209 1986 2709">
     <span class='ocr_line' id='line_1_25' title="bbox 613 2209 1985 2260; baseline 0.001 -16"><span class='ocrx_word' id='word_1_191' title='bbox 613 2209 664 2255; x_wconf 66' lang='lat'>(5)</span> <span class='ocrx_word' id='word_1_192' title='bbox 688 2211 794 2245; x_wconf 85' lang='lat' dir='ltr'>Cette</span> <span class='ocrx_word' id='word_1_193' title='bbox 811 2210 919 2245; x_wconf 88' lang='lat' dir='ltr'>lettre</span> <span class='ocrx_word' id='word_1_194' title='bbox 936 2219 990 2246; x_wconf 88' lang='lat' dir='ltr'>est</span> <span class='ocrx_word' id='word_1_195' title='bbox 1006 2213 1096 2247; x_wconf 78' lang='lat' dir='ltr'>tiree</span> <span class='ocrx_word' id='word_1_196' title='bbox 1111 2212 1161 2246; x_wconf 91' lang='lat' dir='ltr'>du</span> <span class='ocrx_word' id='word_1_197' title='bbox 1178 2213 1296 2248; x_wconf 71' lang='lat' dir='ltr'>meme</span> <span class='ocrx_word' id='word_1_198' title='bbox 1313 2214 1513 2249; x_wconf 84' lang='lat' dir='ltr'>manuscrit</span> <span class='ocrx_word' id='word_1_199' title='bbox 1527 2225 1598 2260; x_wconf 87' lang='lat' dir='ltr'>que</span> <span class='ocrx_word' id='word_1_200' title='bbox 1612 2212 1644 2247; x_wconf 85' lang='lat' dir='ltr'>la</span> <span class='ocrx_word' id='word_1_201' title='bbox 1658 2210 1879 2259; x_wconf 80' lang='lat' dir='ltr'>precedente</span> <span class='ocrx_word' id='word_1_202' title='bbox 1893 2226 1900 2252; x_wconf 90' lang='lat'><em>;</em></span> <span class='ocrx_word' id='word_1_203' title='bbox 1918 2211 1985 2246; x_wconf 72' lang='lat' dir='ltr'>elle</span> 
     </span>
     <span class='ocr_line' id='line_1_26' title="bbox 569 2273 1986 2323; baseline 0.001 -16"><span class='ocrx_word' id='word_1_204' title='bbox 569 2280 622 2307; x_wconf 83' lang='lat' dir='ltr'>cst</span> <span class='ocrx_word' id='word_1_205' title='bbox 640 2273 688 2307; x_wconf 88' lang='lat' dir='ltr'>du</span> <span class='ocrx_word' id='word_1_206' title='bbox 708 2274 824 2308; x_wconf 71' lang='lat' dir='ltr'>meme</span> <span class='ocrx_word' id='word_1_207' title='bbox 841 2281 971 2321; x_wconf 85' lang='lat' dir='ltr'>temps,</span> <span class='ocrx_word' id='word_1_208' title='bbox 987 2288 1059 2318; x_wconf 83' lang='lat' dir='ltr'>car,</span> <span class='ocrx_word' id='word_1_209' title='bbox 1081 2283 1187 2311; x_wconf 84' lang='lat' dir='ltr'>outre</span> <span class='ocrx_word' id='word_1_210' title='bbox 1199 2275 1232 2310; x_wconf 90' lang='lat' dir='ltr'>le</span> <span class='ocrx_word' id='word_1_211' title='bbox 1247 2276 1336 2323; x_wconf 89' lang='lat' dir='ltr'>style</span> <span class='ocrx_word' id='word_1_212' title='bbox 1353 2284 1390 2311; x_wconf 87' lang='lat' dir='ltr'>et</span> <span class='ocrx_word' id='word_1_213' title='bbox 1407 2277 1458 2311; x_wconf 89' lang='lat' dir='ltr'>les</span> <span class='ocrx_word' id='word_1_214' title='bbox 1472 2276 1659 2319; x_wconf 86' lang='lat' dir='ltr'>formules,</span> <span class='ocrx_word' id='word_1_215' title='bbox 1679 2275 1748 2311; x_wconf 86' lang='lat' dir='ltr'>elle</span> <span class='ocrx_word' id='word_1_216' title='bbox 1767 2287 1859 2310; x_wconf 90' lang='lat' dir='ltr'>nous</span> <span class='ocrx_word' id='word_1_217' title='bbox 1869 2274 1986 2322; x_wconf 76' lang='lat' dir='ltr'>pai-ait</span> 
     </span>
     <span class='ocr_line' id='line_1_27' title="bbox 570 2338 1984 2389; baseline 0.001 -18"><span class='ocrx_word' id='word_1_218' title='bbox 570 2341 717 2372; x_wconf 70' lang='lat' dir='ltr'>emaner</span> <span class='ocrx_word' id='word_1_219' title='bbox 738 2338 824 2373; x_wconf 76' lang='lat' dir='ltr'>d&#39;un</span> <span class='ocrx_word' id='word_1_220' title='bbox 853 2347 962 2386; x_wconf 79' lang='lat' dir='ltr'>agent</span> <span class='ocrx_word' id='word_1_221' title='bbox 989 2340 1033 2374; x_wconf 82' lang='lat' dir='ltr'>de</span> <span class='ocrx_word' id='word_1_222' title='bbox 1059 2341 1192 2387; x_wconf 82' lang='lat' dir='ltr'>Pepin,</span> <span class='ocrx_word' id='word_1_223' title='bbox 1222 2342 1277 2376; x_wconf 91' lang='lat' dir='ltr'>roi</span> <span class='ocrx_word' id='word_1_224' title='bbox 1304 2341 1553 2389; x_wconf 81' lang='lat' dir='ltr'>d&#39;Aquitaine‚</span> <span class='ocrx_word' id='word_1_225' title='bbox 1583 2341 1714 2388; x_wconf 69' lang='lat' dir='ltr'>auprcs</span> <span class='ocrx_word' id='word_1_226' title='bbox 1733 2339 1779 2374; x_wconf 87' lang='lat' dir='ltr'>de</span> <span class='ocrx_word' id='word_1_227' title='bbox 1801 2339 1984 2374; x_wconf 78' lang='lat' dir='ltr'>Leuis-le-</span> 
     </span>
     <span class='ocr_line' id='line_1_28' title="bbox 572 2402 1981 2450; baseline 0.004 -16"><span class='ocrx_word' id='word_1_228' title='bbox 572 2402 813 2446; x_wconf 79' lang='lat' dir='ltr'>Debonnaire,</span> <span class='ocrx_word' id='word_1_229' title='bbox 825 2410 861 2438; x_wconf 88' lang='lat' dir='ltr'>et</span> <span class='ocrx_word' id='word_1_230' title='bbox 873 2404 940 2439; x_wconf 81' lang='lat' dir='ltr'>elle</span> <span class='ocrx_word' id='word_1_231' title='bbox 954 2406 1118 2450; x_wconf 84' lang='lat' dir='ltr'>pourrait</span> <span class='ocrx_word' id='word_1_232' title='bbox 1129 2405 1212 2440; x_wconf 89' lang='lat' dir='ltr'>bien</span> <span class='ocrx_word' id='word_1_233' title='bbox 1226 2406 1324 2440; x_wconf 87' lang='lat' dir='ltr'>avoir</span> <span class='ocrx_word' id='word_1_234' title='bbox 1337 2407 1395 2441; x_wconf 75' lang='lat' dir='ltr'>ete</span> <span class='ocrx_word' id='word_1_235' title='bbox 1405 2406 1518 2440; x_wconf 75' lang='lat' dir='ltr'>ecrite</span> <span class='ocrx_word' id='word_1_236' title='bbox 1530 2405 1601 2440; x_wconf 87' lang='lat' dir='ltr'>soit</span> <span class='ocrx_word' id='word_1_237' title='bbox 1613 2417 1657 2440; x_wconf 90' lang='lat' dir='ltr'>en</span> <span class='ocrx_word' id='word_1_238' title='bbox 1669 2403 1749 2448; x_wconf 85' lang='lat'>850,</span> <span class='ocrx_word' id='word_1_239' title='bbox 1761 2405 1831 2439; x_wconf 87' lang='lat' dir='ltr'>soit</span> <span class='ocrx_word' id='word_1_240' title='bbox 1842 2416 1888 2438; x_wconf 89' lang='lat' dir='ltr'>en</span> <span class='ocrx_word' id='word_1_241' title='bbox 1902 2402 1981 2445; x_wconf 75' lang='lat'>854,</span> 
     </span>
     <span class='ocr_line' id='line_1_29' title="bbox 569 2465 1985 2517; baseline 0.002 -18"><span class='ocrx_word' id='word_1_242' title='bbox 569 2465 715 2513; x_wconf 88' lang='lat' dir='ltr'>lorsque</span> <span class='ocrx_word' id='word_1_243' title='bbox 734 2467 849 2513; x_wconf 82' lang='lat' dir='ltr'>Pe&#39;pin</span> <span class='ocrx_word' id='word_1_244' title='bbox 868 2475 903 2502; x_wconf 87' lang='lat' dir='ltr'>et</span> <span class='ocrx_word' id='word_1_245' title='bbox 920 2469 1350 2517; x_wconf 83' lang='lat' dir='ltr'>Louis—le-Gcrmanique</span> <span class='ocrx_word' id='word_1_246' title='bbox 1374 2482 1410 2505; x_wconf 89' lang='lat' dir='ltr'>se</span> <span class='ocrx_word' id='word_1_247' title='bbox 1432 2471 1723 2517; x_wconf 77' lang='lat' dir='ltr'>rapprocherent</span> <span class='ocrx_word' id='word_1_248' title='bbox 1740 2469 1785 2504; x_wconf 87' lang='lat' dir='ltr'>de</span> <span class='ocrx_word' id='word_1_249' title='bbox 1801 2469 1882 2504; x_wconf 89' lang='lat' dir='ltr'>leur</span> <span class='ocrx_word' id='word_1_250' title='bbox 1899 2469 1985 2515; x_wconf 63' lang='lat' dir='ltr'>pere</span> 
     </span>
     <span class='ocr_line' id='line_1_30' title="bbox 571 2525 1981 2581; baseline 0.001 -19"><span class='ocrx_word' id='word_1_251' title='bbox 571 2537 697 2564; x_wconf 87' lang='lat' dir='ltr'>contre</span> <span class='ocrx_word' id='word_1_252' title='bbox 717 2531 898 2573; x_wconf 72' lang='lat' dir='ltr'>Lothairc,</span> <span class='ocrx_word' id='word_1_253' title='bbox 921 2532 1000 2567; x_wconf 84' lang='lat' dir='ltr'>leur</span> <span class='ocrx_word' id='word_1_254' title='bbox 1015 2533 1110 2567; x_wconf 74' lang='lat' dir='ltr'>frere</span> <span class='ocrx_word' id='word_1_255' title='bbox 1123 2534 1215 2568; x_wconf 76' lang='lat' dir='ltr'>aine.</span> <span class='ocrx_word' id='word_1_256' title='bbox 1240 2535 1342 2577; x_wconf 80' lang='lat' dir='ltr'>Mais,</span> <span class='ocrx_word' id='word_1_257' title='bbox 1365 2546 1458 2581; x_wconf 78' lang='lat' dir='ltr'>pour</span> <span class='ocrx_word' id='word_1_258' title='bbox 1477 2534 1682 2569; x_wconf 72' lang='lat' dir='ltr'>l‘attribuer</span> <span class='ocrx_word' id='word_1_259' title='bbox 1699 2535 1717 2567; x_wconf 69' lang='grc' dir='ltr'>ὲ</span> <span class='ocrx_word' id='word_1_260' title='bbox 1737 2525 1938 2580; x_wconf 76' lang='lat' dir='ltr'>Eginhard,</span> <span class='ocrx_word' id='word_1_261' title='bbox 1960 2530 1981 2565; x_wconf 82' lang='lat' dir='ltr'>il</span> 
     </span>
     <span class='ocr_line' id='line_1_31' title="bbox 569 2593 1981 2645; baseline 0.002 -19"><span class='ocrx_word' id='word_1_262' title='bbox 569 2593 722 2629; x_wconf 77' lang='lat' dir='ltr'>faudrait</span> <span class='ocrx_word' id='word_1_263' title='bbox 751 2607 938 2641; x_wconf 74' lang='lat' dir='ltr'>supposer,</span> <span class='ocrx_word' id='word_1_264' title='bbox 958 2603 1061 2630; x_wconf 82' lang='lat' dir='ltr'>entre</span> <span class='ocrx_word' id='word_1_265' title='bbox 1080 2596 1130 2631; x_wconf 83' lang='lat' dir='ltr'>lui</span> <span class='ocrx_word' id='word_1_266' title='bbox 1147 2604 1181 2631; x_wconf 86' lang='lat' dir='ltr'>et</span> <span class='ocrx_word' id='word_1_267' title='bbox 1202 2599 1333 2645; x_wconf 80' lang='lat' dir='ltr'>Pepin‚</span> <span class='ocrx_word' id='word_1_268' title='bbox 1352 2598 1414 2634; x_wconf 90' lang='lat' dir='ltr'>des</span> <span class='ocrx_word' id='word_1_269' title='bbox 1433 2599 1605 2634; x_wconf 82' lang='lat' dir='ltr'>relations</span> <span class='ocrx_word' id='word_1_270' title='bbox 1620 2598 1710 2633; x_wconf 85' lang='lat' dir='ltr'>dont</span> <span class='ocrx_word' id='word_1_271' title='bbox 1727 2597 1906 2632; x_wconf 80' lang='lat' dir='ltr'>l&#39;histoire</span> <span class='ocrx_word' id='word_1_272' title='bbox 1926 2596 1981 2630; x_wconf 83' lang='lat' dir='ltr'>n&#39;a</span> 
     </span>
     <span class='ocr_line' id='line_1_32' title="bbox 567 2659 1981 2709; baseline 0.001 -17"><span class='ocrx_word' id='word_1_273' title='bbox 567 2671 627 2703; x_wconf 76' lang='lat' dir='ltr'>pas</span> <span class='ocrx_word' id='word_1_274' title='bbox 651 2659 759 2705; x_wconf 74' lang='lat' dir='ltr'>garde</span> <span class='ocrx_word' id='word_1_275' title='bbox 780 2659 810 2694; x_wconf 88' lang='lat' dir='ltr'>lc</span> <span class='ocrx_word' id='word_1_276' title='bbox 836 2661 1015 2695; x_wconf 73' lang='lat' dir='ltr'>souvcnir.</span> <span class='ocrx_word' id='word_1_277' title='bbox 1036 2661 1132 2705; x_wconf 86' lang='lat' dir='ltr'>Quoi</span> <span class='ocrx_word' id='word_1_278' title='bbox 1156 2661 1243 2709; x_wconf 78' lang='lat' dir='ltr'>qu&#39;il</span> <span class='ocrx_word' id='word_1_279' title='bbox 1261 2676 1306 2698; x_wconf 89' lang='lat' dir='ltr'>en</span> <span class='ocrx_word' id='word_1_280' title='bbox 1321 2665 1408 2708; x_wconf 77' lang='lat' dir='ltr'>soit,</span> <span class='ocrx_word' id='word_1_281' title='bbox 1432 2676 1574 2702; x_wconf 84' lang='lat' dir='ltr'>comme</span> <span class='ocrx_word' id='word_1_282' title='bbox 1590 2670 1684 2698; x_wconf 70' lang='lat' dir='ltr'>cetto</span> <span class='ocrx_word' id='word_1_283' title='bbox 1704 2663 1810 2697; x_wconf 85' lang='lat' dir='ltr'>lettre</span> <span class='ocrx_word' id='word_1_284' title='bbox 1828 2661 1918 2696; x_wconf 82' lang='lat' dir='ltr'>offrc</span> <span class='ocrx_word' id='word_1_285' title='bbox 1936 2659 1981 2694; x_wconf 78' lang='lat' dir='ltr'>dc</span> 
     </span>
    </p>
   </div>
   <div class='ocr_carea' id='block_1_6' title="bbox 564 2722 1977 2824">
    <p class='ocr_par' dir='ltr' id='par_1_8' title="bbox 564 2722 1977 2824">
     <span class='ocr_line' id='line_1_33' title="bbox 564 2722 1977 2776; baseline 0.004 -21"><span class='ocrx_word' id='word_1_286' title='bbox 564 2722 722 2758; x_wconf 69' lang='lat' dir='ltr'>l’intcret</span> <span class='ocrx_word' id='word_1_287' title='bbox 749 2732 784 2759; x_wconf 78' lang='lat' dir='ltr'>et</span> <span class='ocrx_word' id='word_1_288' title='bbox 804 2724 934 2772; x_wconf 78' lang='lat' dir='ltr'>qu&#39;ellc</span> <span class='ocrx_word' id='word_1_289' title='bbox 955 2731 1006 2759; x_wconf 81' lang='lat' dir='ltr'>cst</span> <span class='ocrx_word' id='word_1_290' title='bbox 1032 2725 1180 2766; x_wconf 70' lang='lat' dir='ltr'>inedito,</span> <span class='ocrx_word' id='word_1_291' title='bbox 1212 2739 1301 2762; x_wconf 84' lang='lat' dir='ltr'>nous</span> <span class='ocrx_word' id='word_1_292' title='bbox 1326 2740 1434 2764; x_wconf 81' lang='lat' dir='ltr'>avons</span> <span class='ocrx_word' id='word_1_293' title='bbox 1452 2730 1562 2776; x_wconf 83' lang='lat' dir='ltr'>pcnsc&#39;</span> <span class='ocrx_word' id='word_1_294' title='bbox 1587 2729 1698 2775; x_wconf 72' lang='lat' dir='ltr'>qu‘on</span> <span class='ocrx_word' id='word_1_295' title='bbox 1718 2739 1763 2762; x_wconf 85' lang='lat' dir='ltr'>nc</span> <span class='ocrx_word' id='word_1_296' title='bbox 1782 2726 1889 2762; x_wconf 80' lang='lat' dir='ltr'>serait</span> <span class='ocrx_word' id='word_1_297' title='bbox 1917 2735 1977 2771; x_wconf 69' lang='lat' dir='ltr'>pas</span> 
     </span>
     <span class='ocr_line' id='line_1_34' title="bbox 568 2785 1060 2824; baseline 0.008 -6"><span class='ocrx_word' id='word_1_298' title='bbox 568 2785 668 2819; x_wconf 54' lang='lat' dir='ltr'>siicln·</span> <span class='ocrx_word' id='word_1_299' title='bbox 687 2787 730 2821; x_wconf 72' lang='lat' dir='ltr'>de</span> <span class='ocrx_word' id='word_1_300' title='bbox 748 2787 777 2821; x_wconf 72' lang='lat' dir='ltr'>la</span> <span class='ocrx_word' id='word_1_301' title='bbox 799 2796 986 2824; x_wconf 73' lang='lat' dir='ltr'>rcumuvcr</span> <span class='ocrx_word' id='word_1_302' title='bbox 1005 2789 1060 2822; x_wconf 73' lang='lat' dir='ltr'>iri.</span> 
     </span>
    </p>
   </div>
  </div>
 </body>
</html>
