2105 3348
540 246 589 279 76
976 236 1223 275 EINHARDI
1256 235 1523 273 EPISTOLAE.

720 379 842 418 XLII.
877 377 941 414 AD
973 375 1348 415 HLUDOWICUM
1379 373 1771 412 IMPERATOREM.

616 486 786 547 Magno
810 481 1008 528 domino
1041 497 1200 528 servus
1230 479 1461 527 modicus.
1487 507 1550 516 —
1569 479 1828 527 Memorem
1854 496 1948 526 esse

543 561 778 627 [precor]
809 559 1061 606 dominum
1099 576 1258 606 meum
1283 558 1547 622 piissimum
1564 556 1806 622 quomodo
1831 556 1947 602 mihi

547 639 784 686 licentiam
804 635 993 683 dedistis
1014 645 1093 693 ut,
1117 636 1306 700 quando
1327 636 1518 682 domina
1544 652 1645 682 mea
1669 634 1726 680 ad
1746 651 1827 681 vos
1843 652 1949 697 per-

544 727 697 782 geret,
725 726 838 761 tunc
865 731 950 779 ego
974 714 1031 760 ad
1048 713 1299 762 beatorum
1324 713 1499 760 Christi
1524 715 1786 777 Martyrum
1810 713 1950 759 servi-

545 796 665 840 tium
684 792 950 839 faciendum
971 791 1041 855 (1)
1059 791 1384 855 proficiscerer
1407 812 1416 838 :
1439 792 1503 838 sic
1518 791 1670 838 facere
1688 790 1835 839 volui.
1860 790 1949 837 Sed

543 873 732 919 domina
749 870 994 934 meajussit
1007 887 1083 916 me
1096 880 1203 933 post
1216 888 1261 917 se
1277 869 1333 916 ad
1348 870 1695 934 Compendium
1707 869 1885 925 venire,
1903 878 1950 915 et

543 968 628 1015 ego
642 986 655 1007 ‚
680 950 816 1013 jussis
841 949 937 1011 ejus
958 947 1208 1004 obediens,
1232 965 1340 994 cum
1359 948 1570 1012 primum
1595 947 1796 994 caballos
1819 963 1948 993 meos

542 1027 712 1074 habere
727 1026 882 1090 potui,
901 1035 1006 1088 post
1021 1025 1146 1072 illam
1162 1026 1219 1072 ad
1233 1025 1580 1090 Compendium
1595 1042 1790 1089 pergere
1802 1024 1945 1087 coepi.

542 1108 594 1152 In
630 1123 719 1171 qua
758 1103 1056 1168 profectione
1087 1104 1261 1169 splenis
1297 1103 1438 1150 simul
1474 1120 1525 1149 ac
1557 1102 1747 1150 renium
1783 1101 1950 1149 dolore

544 1192 810 1246 correptus,
849 1181 899 1227 in
936 1191 1125 1228 tantum
1148 1181 1342 1228 affectus
1367 1198 1496 1238 sum,
1522 1191 1576 1227 ut
1598 1181 1677 1226 vix
1712 1181 1761 1225 in
1787 1180 1950 1226 decem

541 1258 703 1305 diebus
733 1258 789 1305 de
816 1259 1036 1322 Trajecto
1069 1257 1126 1304 ad
1158 1257 1460 1307 Valentianas
1487 1257 1554 1319 (2)
1589 1257 1839 1304 venissem.
1877 1254 1946 1301 Ibi

543 1352 650 1380 cum
685 1336 883 1398 mejam
914 1334 1126 1398 equitare
1161 1350 1257 1381 non
1293 1351 1428 1397 posse
1467 1333 1693 1380 sentirem
1717 1333 1803 1394 (ὅ),
1841 1332 1948 1378 veni

541 1431 565 1457 a
589 1429 704 1458 nave
731 1411 804 1475 (4)
830 1410 886 1456 ad
912 1411 1138 1456 Sanctum
1156 1409 1216 1456 N.
1255 1409 1560 1474 [Bavonem].
1579 1407 1839 1473 Navigandi
1866 1425 1950 1471 per

542 1487 764 1552 [casusl']
792 1506 934 1552 aeger,
958 1499 1099 1552 atque
1120 1486 1184 1534 ibi
1210 1505 1339 1534 nunc
1364 1488 1410 1534 in
1440 1489 1622 1553 magnis
1645 1486 1872 1551 angustiis
1898 1503 1949 1531 ac

539 1565 792 1613 doloribus
822 1566 1028 1628 positus,
1056 1583 1218 1630 quaeso
1251 1576 1390 1631 atque
1424 1583 1510 1612 oro
1546 1576 1598 1611 ut
1631 1565 1778 1628 pietas
1800 1574 1953 1611 vestra

544 1643 660 1689 mihi
687 1643 927 1690 licentiam
962 1644 1072 1691 dare
1105 1644 1327 1708 dignetur
1349 1643 1575 1708 pergendi
1600 1642 1657 1689 ad
1680 1643 1862 1698 locum,
1903 1641 1951 1686 in

540 1738 641 1785 quo
665 1722 856 1785 piorum
878 1733 1195 1786 patronorum
1221 1722 1295 1786 (5)
1324 1730 1591 1768 vestrorum
1628 1730 1802 1767 sacrata
1840 1736 1953 1766 cor-

542 1815 658 1861 pora
680 1799 996 1863 requiescunt.
1022 1800 1216 1846 Possum
1241 1800 1371 1846 enim
1390 1799 1501 1845 illuc
1523 1798 1712 1862 navigio
1739 1798 1785 1842 in
1809 1796 1953 1861 quin-

542 1874 693 1921 decim
713 1873 876 1921 diebus
893 1874 950 1922 de
965 1886 1127 1923 sancto
1142 1875 1202 1922 N.
1214 1876 1394 1922 venire.
1408 1876 1627 1940 Magnam
1638 1873 1774 1921 vobis
1792 1889 1952 1921 coram

543 1954 641 2000 Deo
662 1952 924 2000 mercedem
943 1970 1216 2017 comparare
1241 1953 1436 2017 potestis
1447 1988 1460 2010 ,
1483 1953 1518 1998 si
1537 1970 1613 1999 me
1631 1950 1687 1998 ad
1706 1950 1953 1998 servitium

545 2041 815 2076 sanctorum
838 2047 1037 2077 suorum
1057 2031 1125 2077 ire
1149 2031 1455 2093 permittitis,
1470 2031 1505 2075 si
1527 2041 1684 2075 tamen
1710 2027 1794 2073 illo
1819 2027 1952 2072 vivus

544 2106 790 2167 pervenire
822 2117 1043 2170 potuero.
1078 2105 1232 2153 Credo
1268 2104 1398 2170 quod
1435 2105 1501 2151 illi
1542 2104 1690 2151 sancti
1723 2104 1953 2165 Martyres

586 2318 640 2362 (1)
665 2317 987 2363 Cod.scwendmn.

589 2378 638 2422 (¹2)
665 2375 756 2412 Cod.
780 2377 983 2419 Valentius.

588 2435 638 2481 (3)
663 2434 754 2470 Cod.
777 2437 909 2470 sentire
927 2438 976 2470 in.

587 2495 638 2539 (4)
664 2493 762 2528 Edit.
781 2506 886 2528 mane
892 2520 959 2528 .....
977 2495 1197 2541 navigando,
1214 2502 1467 2542 punctumque
1482 2501 1563 2540 post
1574 2492 1725 2528 verbum
1740 2492 1950 2540 navigando

544 2559 728 2599 ponentes,
750 2564 852 2587 voces
870 2560 1059 2599 sequentes
1075 2554 1264 2590 omittunt.
1282 2555 1449 2599 Quarum
1466 2554 1583 2600 prima
1598 2565 1673 2598 per,
1692 2560 1729 2587 et
1742 2553 1869 2587 ultima
1891 2564 1945 2597 cg.

542 2615 564 2647 i.
582 2613 617 2647 (1.
641 2625 750 2659 (eger,
772 2612 856 2647 satis
870 2612 1040 2646 distincte
1053 2612 1238 2659 leguntur,
1259 2613 1321 2647 sed
1338 2626 1404 2648 vox
1422 2612 1649 2656 intermedia,
1671 2619 1830 2660 quatuor
1851 2610 1948 2646 litte—

544 2672 590 2705 ris
609 2672 754 2706 circiter
773 2677 959 2712 constans,
983 2671 1170 2705 oculorum
1191 2672 1301 2706 aciem
1321 2672 1465 2716 ponitus
1485 2671 1611 2717 cffugit

586 2730 636 2773 (ἦ)
661 2730 750 2765 (lod.
772 2738 917 2775 patrum
937 2738 1113 2765 noctram.
