2105 3348
607 258 686 295 352
911 251 1154 290 HISTORIA
1186 248 1534 287 TRANSLATION
1542 249 1585 287 IS
1597 277 1606 295 ‚
1637 262 1718 288 mc,

605 354 713 383 rum
735 332 946 398 reliquiis
959 366 972 388 ,
995 340 1041 377 et
1060 328 1275 376 auditum
1295 327 1474 393 pariter
1492 338 1540 375 et
1557 327 1794 392 loquelam
1814 346 1898 394 per
1914 330 2017 375 vir-

607 423 754 459 tutem
774 408 948 456 Christi
973 407 1169 471 recepit.

671 567 750 613 83.
788 564 969 613 Eodem
989 581 1182 629 quoque
1208 563 1283 610 die
1310 562 1463 627 puella
1491 562 1709 627 quaedam
1730 600 1741 622 ‚
1769 561 1826 609 de
1845 561 2020 608 familia

608 644 654 688 S.
703 641 969 699 Lamberti‚
1015 643 1214 690 nomine
1252 642 1526 697 Adallinda‚
1573 658 1681 706 quae
1724 658 1824 688 nou
1869 638 2022 685 solum

607 719 744 766 surda
773 729 819 766 et
843 729 974 766 muta
990 756 1003 776 ,
1032 720 1111 767 sed
1135 722 1276 767 etiam
1302 738 1420 767 caeca
1438 757 1451 778 ‚
1477 729 1676 783 totoque
1700 734 1901 782 corpore
1928 725 2023 760 tam

608 795 862 843 miserabili
888 797 1031 845 modo
1055 815 1111 845 ex
1132 817 1393 846 nervorum
1416 797 1746 845 contractione
1775 804 1875 843 erat
1895 810 2024 841 com-

605 875 800 938 plicata,
836 886 887 922 ut
926 893 1076 940 genua
1116 878 1300 941 pectori
1329 880 1667 942 jungerentur,
1704 877 1839 940 juxta
1877 890 2025 920 sacras

607 954 880 1018 Martyrum
899 954 1119 1019 reliquias
1139 973 1163 1000 a
1179 956 1272 1002 suis
1287 955 1435 1020 posita
1450 991 1462 1011 ,
1485 965 1531 1002 et
1547 955 1701 1000 visum
1718 962 1766 1000 et
1789 951 2023 1007 auditum,

609 1029 846 1094 loquelam
886 1030 1027 1076 etiam
1064 1032 1379 1096 omniumque
1411 1029 1743 1079 membrorum
1773 1025 2027 1076 rectitudi-

608 1124 715 1153 nem
738 1124 789 1152 ac
813 1107 1039 1164 salutem,
1069 1125 1228 1155 coram
1253 1107 1478 1155 omnibus
1493 1147 1505 1168 ,
1533 1108 1614 1173 qui
1642 1107 1837 1154 aderant
1850 1141 1863 1162 ‚
1885 1104 2028 1151 mira-

608 1180 691 1229 b‘ili
711 1184 967 1241 celeritate,
995 1183 1159 1233 divino
1181 1203 1401 1242 munere,
1420 1194 1671 1233 consecuta
1689 1193 1774 1231 est.
1794 1181 2028 1229 Postridie

608 1277 722 1307 vero
737 1296 749 1317 ,
777 1260 823 1306 id
840 1271 909 1307 est
923 1297 936 1319 ,
957 1262 1131 1326 quinto
1158 1262 1260 1308 idus
1272 1263 1397 1326 junii
1412 1298 1426 1321 ‚
1451 1262 1644 1328 quidam
1665 1278 1826 1308 servus
1843 1260 2026 1324 regiUS,

610 1339 808 1385 nomine
827 1338 1099 1386 Berohadus
1113 1375 1126 1397 ‚
1152 1339 1210 1387 de
1233 1340 1345 1386 villa
1373 1340 1616 1387 Cresciaco
1634 1377 1647 1399 ‚
1673 1341 1723 1386 in
1749 1338 1938 1386 dextera
1958 1337 2029 1383 sui

609 1416 825 1479 corporis
857 1428 990 1480 parte
1014 1436 1099 1481 per
1137 1429 1293 1466 totum
1320 1437 1376 1466 ex
1410 1436 1672 1466 nervorum
1699 1416 2030 1465 contractione

607 1492 879 1540 debilitatus
920 1504 968 1540 et
1006 1495 1188 1542 inutilis
1228 1496 1379 1543 factus
1396 1533 1410 1555 ,
1454 1514 1564 1543 cum
1606 1506 1714 1544 ante
1746 1504 2031 1543 memoratas

610 1570 896 1617 Sanctorum
924 1572 1146 1637 reliquias
1165 1573 1395 1631 venisset,
1423 1574 1584 1620 statim
1609 1584 1790 1621 erectus
1805 1608 1818 1630 ,
1844 1582 1892 1619 et
1909 1570 2033 1618 sani-

613 1647 696 1692 tati
719 1665 863 1712 quam
889 1649 1182 1696 desiderabat
1212 1651 1313 1698 sine
1337 1669 1472 1699 mora
1498 1662 1568 1699 est
1598 1651 1826 1699 redditus.
1852 1648 2032 1696 Simili-

614 1735 685 1772 ter
709 1735 754 1771 et
776 1725 930 1789 puella
948 1727 1163 1792 quaedam
1189 1727 1246 1775 de
1271 1730 1374 1793 ipso
1393 1729 1499 1777 vico
1520 1730 1742 1795 Trajecto
1755 1766 1768 1787 ,
1796 1726 2032 1776 vocabulo

613 1801 912 1849 Theothildis
926 1839 941 1862 ,
968 1806 1099 1868 cujus
1124 1806 1315 1853 dextera
1336 1824 1503 1854 manus
1524 1817 1624 1854 erat
1648 1807 1789 1854 simili
1811 1816 2033 1854 contrac-

615 1880 745 1927 tione
769 1881 819 1926 in
845 1891 1030 1928 tantum
1058 1883 1336 1947 complicata
1360 1895 1501 1951 atque
1525 1885 1751 1943 distorta,
1774 1895 1828 1931 ut
1847 1884 1903 1930 ad
1926 1900 2033 1931 om-

616 1974 724 2003 nem
748 1974 887 2003 usum
908 1968 1026 2005 esset
1050 1960 1252 2018 inutilis,
1276 1960 1396 2020 haec,
1418 1962 1578 2010 eadem
1597 1962 1699 2020 die,
1721 1973 1831 2010 ante
1850 1963 2033 2012 easdem

615 2035 903 2081 Sanctorum
926 2035 1148 2101 reliquias
1168 2072 1180 2094 ,
1209 2038 1312 2102 pari
1338 2038 1484 2088 modo
1509 2050 1669 2087 curata
1692 2051 1779 2087 est.

681 2268 761 2313 84.
802 2267 986 2328 Quibus
1012 2271 1146 2329 visis,
1175 2274 1379 2337 populus
1405 2276 1453 2321 in
1478 2274 1667 2321 basilica
1692 2286 2001 2340 congregatus
2018 2311 2030 2329 ‚

618 2345 785 2407 coepit,
806 2363 907 2408 prae
922 2347 1067 2394 nimia
1086 2350 1379 2399 exultatione
1401 2362 1542 2417 atque
1561 2353 1723 2399 laetitia
1737 2389 1750 2411 ‚
1774 2354 1823 2400 in
1843 2353 2034 2418 hymnis

619 2429 666 2465 et
693 2419 895 2485 litaniis!
921 2422 1117 2472 sublatis
1149 2427 1196 2473 in
1222 2427 1373 2474 altum
1396 2429 1617 2489 vocibus,
1645 2431 1801 2478 laudes
1827 2430 2034 2478 Domino

621 2495 879 2545 decantare.
913 2500 1035 2546 Cum
1063 2502 1223 2551 subito
1249 2505 1446 2552 intravit
1477 2524 1596 2572 puer
1618 2508 1812 2573 quidam
1834 2507 2001 2554 surdus
2018 2543 2031 2564 ‚

621 2584 761 2639 atque
782 2575 830 2622 iu
850 2578 999 2625 media
1022 2579 1172 2643 plebis
1198 2583 1506 2632 multitudine
1529 2585 1817 2651 stupefactus
1843 2596 1889 2632 et
1909 2595 2035 2632 atto-

623 2651 726 2698 nito
741 2652 906 2700 similis
923 2657 1156 2706 constitit.
1177 2659 1244 2706 Ac
1260 2659 1430 2709 deinde
1443 2698 1456 2719 ‚
1477 2680 1585 2709 cum
1602 2673 1712 2711 ante
1727 2663 1871 2711 altare
1885 2663 2032 2709 sancti

622 2727 891 2789 salvatoris,
915 2735 1043 2798 quod
1071 2735 1118 2782 in
1141 2736 1290 2784 media
1316 2739 1505 2787 ecclesia
1529 2741 1738 2804 positum
1762 2752 1853 2798 est,
1876 2757 2034 2805 perve-
