1979 3348
520 214 773 253 APPENfflX
810 215 1017 254 ALTERA.
1405 219 1477 255 157

66 310 124 342 est
160 301 328 341 innatus
344 331 353 347 ,
396 312 468 338 nec
504 312 673 348 earum,
711 306 758 338 ut
792 312 906 337 nunc
945 312 968 338 a
1004 296 1215 355 plerisque
1249 307 1473 349 vocantur,

66 376 352 434 superstitiosa
375 374 459 415 otia
481 372 654 415 fastidio
680 381 792 414 sunt.
826 372 878 413 Et
902 373 980 414 nisi
1009 374 1310 416 intercessisset
1332 375 1476 434 inopia

64 462 396 511 praeceptorum,
428 459 468 492 et
495 449 626 506 longo
652 450 734 492 situ
765 447 952 507 collapsa
982 451 1176 507 priorum
1208 451 1348 494 studia
1369 469 1475 512 pene

66 531 332 580 interissent,
375 528 582 586 largiente
614 526 803 568 Domino
826 559 836 577 ,
875 542 977 568 meae
1010 527 1203 570 aviditati
1238 528 1475 572 satisfacere

61 607 239 650 forsitan
262 606 506 665 potuissem.
538 602 759 661 Siquidem
788 612 925 644 vestra
951 604 1158 645 memoria
1181 620 1255 663 per
1277 605 1474 649 famosis-

62 687 214 727 simum
241 685 541 742 imperatorem
563 679 800 727 Karolum,
824 680 894 722 cui
918 679 1065 723 litterae
1089 697 1138 723 eo
1160 698 1293 740 usque
1311 683 1476 726 deferre

61 761 218 804 debent
244 771 291 803 ut
316 770 516 804 aeternam
537 760 575 801 ei
612 767 763 817 parent
785 758 1061 810 memoriam,
1090 768 1227 817 coepta
1250 762 1442 803 revocari
1461 795 1471 813 ,

59 839 325 898 aliquantum
353 837 527 897 quidem
556 835 743 879 extulere
766 845 916 894 caput,
943 836 1125 895 satisque
1147 838 1337 880 constitit
1363 841 1473 882 veri—

48 928 142 961 tate
175 918 404 961 subnixum
436 915 691 975 praeclarum
715 914 876 957 dictum
909 932 917 957 :
956 932 975 956 «
992 915 1142 958 Honos
1167 915 1241 958 alit
1271 928 1407 969 artes,
1435 928 1474 960 et

59 995 356 1037 accenduntur
373 1009 521 1036 omnes
543 992 597 1035 ad
615 991 755 1035 studia
773 992 911 1051 gloria
929 994 1009 1050 (1).
1036 1011 1055 1033 »
1079 993 1205 1036 Nunc
1231 995 1352 1037 oneri
1377 1005 1474 1038 sunt

57 1074 131 1132 qui
157 1073 319 1133 aliquid
343 1072 505 1116 discere
536 1071 761 1126 affectant,
788 1081 828 1114 et
860 1070 974 1114 velut
1006 1072 1049 1113 in
1079 1071 1194 1114 edito
1220 1073 1320 1115 sitos
1350 1072 1445 1116 loco
1462 1107 1472 1125 ,

57 1151 268 1194 studiosos
289 1166 481 1210 quosque
505 1149 691 1209 imperiti
713 1147 844 1205 vulgo
868 1159 1129 1208 aspectantes
1144 1183 1153 1201 ,
1175 1150 1209 1191 si
1226 1150 1331 1208 quid
1353 1151 1395 1193 in
1415 1152 1474 1193 eis

57 1227 192 1287 culpae
213 1226 577 1288 deprehenderint
594 1261 603 1279 ,
629 1226 673 1268 id
698 1242 786 1268 non
810 1226 1000 1268 humano
1023 1227 1127 1269 vitio
1145 1261 1154 1279 ,
1183 1227 1255 1270 sed
1277 1228 1473 1287 qualitati

55 1305 381 1365 disciplinarum
402 1306 636 1363 assignant.
657 1304 719 1347 Ita
739 1303 843 1347 dum
860 1304 934 1347 alii
951 1304 1126 1363 dignam
1150 1307 1365 1365 sapientiae
1383 1307 1473 1366 pal-

55 1399 168 1426 mam
203 1400 291 1426 non
327 1384 524 1442 capiunt,
550 1382 624 1425 alii
646 1381 805 1424 samam
830 1392 1032 1425 verentur
1062 1382 1312 1442 indignam,
1339 1401 1362 1427 a
1387 1395 1471 1427 tam

55 1459 259 1518 praeclaro
283 1476 410 1518 opere
433 1459 701 1502 destiterunt.
722 1460 834 1501 Mihi
856 1461 954 1502 satis
973 1471 1149 1519 apparet
1168 1473 1344 1521 propter
1364 1464 1474 1522 seip—

54 1553 142 1580 sam
162 1537 400 1597 appetenda
422 1538 628 1596 sapientia
649 1555 658 1581 :
681 1538 751 1580 cui
773 1537 1029 1597 indagandae
1052 1555 1076 1581 a
1098 1549 1244 1583 sancto
1263 1551 1474 1601 metropo-

54 1614 187 1658 litano
215 1616 415 1675 episcopo
439 1615 618 1658 Aldrico
655 1615 899 1674 delegatus,
929 1615 1150 1660 doctorem
1185 1620 1472 1676 grammaticae

55 1692 228 1734 sortitus
250 1708 360 1745 sum,
378 1702 673 1751 praeceptaque
695 1692 749 1734 ab
767 1708 818 1735 eo
844 1694 945 1735 artis
962 1695 1122 1753 accepi.
1137 1695 1206 1738 Sic
1224 1698 1429 1755 quoniam
1450 1714 1473 1739 a

54 1769 336 1825 grammatica
356 1768 410 1811 ad
435 1769 718 1822 rhetoricam,
748 1779 789 1812 et
810 1769 1012 1831 deinceps
1043 1772 1195 1815 ordine
1219 1774 1271 1816 ad
1304 1785 1475 1818 caeteras

55 1843 251 1887 liberales
271 1844 520 1904 disciplinas
538 1847 719 1889 transire
737 1847 820 1889 hoc
838 1857 1029 1907 tempore
1046 1849 1194 1893 fabula
1213 1861 1377 1894 tantum
1395 1863 1472 1905 est,

55 1938 153 1964 cum
183 1922 339 1965 deinde
371 1934 597 1966 auctorum
630 1923 923 1966 voluminibus
956 1927 1129 1985 spatiari
1158 1927 1474 1986 aliquantulum

56 2001 274 2059 coepissem
297 2034 307 2053 ,
343 2011 384 2043 et
408 2001 591 2044 dictatus
622 2012 767 2045 nostra
800 2013 917 2046 aetate
953 2003 1140 2048 confecti
1173 2005 1473 2066 displicerent,

54 2087 279 2136 propterea
297 2078 415 2137 quod
437 2079 491 2122 ab
510 2079 584 2122 illa
600 2079 804 2123 Tulliana
823 2091 1074 2124 caeterorum
1098 2085 1322 2141 gravitate,
1343 2103 1473 2145 quam

54 2154 242 2212 insignes
276 2171 449 2215 quoque
482 2156 723 2200 christianae
759 2156 983 2215 religionis
1017 2159 1100 2201 viri
1132 2161 1317 2205 aemulati
1349 2174 1473 2216 sunt,

55 2232 305 2276 oberrarent
318 2267 328 2286 ,
350 2235 467 2277 venit
482 2235 527 2277 in
545 2250 698 2277 manus
721 2251 835 2278 meas
851 2252 958 2295 opus
974 2247 1162 2282 vestrum
1177 2273 1187 2292 ,
1208 2257 1295 2299 quo
1313 2258 1475 2285 memo-

56 2311 138 2352 rati
156 2311 426 2370 imperatoris
443 2311 679 2355 clarissima
696 2313 1016 2371 gesta—liceat
1028 2316 1136 2359 mihi
1154 2317 1313 2377 absque
1331 2322 1471 2380 suspi-

57 2387 180 2430 cione
202 2386 461 2432 adulationis
481 2389 622 2433 dicere
636 2416 696 2423 -
716 2390 950 2434 clarissime
968 2391 1120 2436 litteris
1147 2395 1374 2455 allegastis.
1408 2398 1474 2441 Ibi

56 2463 312 2522 elegantiam
343 2481 566 2520 sensuum,
596 2467 657 2510 ibi
682 2469 899 2511 raritatem
931 2470 1290 2528 conjunctionum
1307 2508 1318 2529 ,
1345 2491 1473 2534 quam

57 2542 101 2583 in
123 2541 370 2585 auctoribus
391 2553 638 2587 notaveram
651 2578 661 2597 ,
680 2544 928 2605 ibidemque
946 2563 1033 2590 non
1053 2548 1313 2606 longissimis
1334 2553 1476 2610 perio-

55 2653 1197 2669 Ἢ

107 2720 156 2763 (1)
182 2719 234 2754 Ex
252 2719 369 2755 Cicer.
389 2719 454 2755 lib.
476 2732 504 2764 ι,
528 2720 674 2755 Tuscul.
695 2730 816 2768 quaest.
