2105 3348
606 297 683 334 35ss
899 290 1143 328 HISTORIA
1176 289 1600 337 TRANSLATIONIS,
1633 305 1714 329 m.

601 373 768 421 medici
808 387 966 435 graeco
1015 368 1248 416 vocabulo
1292 386 1524 434 spasmon
1559 370 1799 433 appellant
1816 407 1828 427 ‚
1876 372 2022 419 latine

601 462 783 505 autem,
815 446 873 492 ab
901 444 1079 491 assidua
1099 444 1431 491 membrorum
1454 445 1731 509 agitatione,
1765 449 2021 496 tremulosa

603 545 700 574 non
736 527 998 588 incongrue
1033 524 1192 570 vocari
1234 533 1390 587 potest
1417 559 1429 578 ‚
1469 523 1601 569 venit
1640 523 1688 569 in
1728 523 1967 572 basilicam
2007 548 2017 572 ε

599 617 739 669 atquc
763 604 808 648 in
835 602 987 648 media
1009 601 1172 665 populi
1200 600 1338 646 turba
1354 635 1366 656 ,
1395 617 1502 665 quae
1523 599 1578 645 ad
1600 600 1830 647 audienda
1853 603 2021 648 missa-

597 700 706 728 rum
731 680 986 735 solemnia,
1021 689 1075 724 ut
1098 679 1145 724 in
1171 678 1246 725 die
1273 678 1530 725 Dominico
1559 678 1709 725 moris
1737 690 1831 736 est,
1867 679 2022 727 fuerat

597 769 875 824 congregata
896 794 908 815 ,
938 757 1171 804 constitit.
1207 757 1448 821 Cumque,
1477 765 1585 819 post
1609 756 1854 803 recitatam
1873 758 2023 803 Evan-

595 837 702 902 gelii
750 836 1003 883 lectionem
1021 869 1032 890 ‚
1091 833 1363 879 christianae
1407 832 1634 879 credulita
1645 834 1701 879 tis
1749 832 2022 899 symbolum

595 916 907 969 recitaretur,
931 912 1218 959 tremulosus
1246 910 1323 957 ille
1348 909 1509 957 subito
1531 910 1588 956 ad
1613 921 1789 957 terram
1809 912 2017 968 corruit3

595 1003 642 1039 et
657 992 772 1037 dum
795 989 1014 1036 divinum
1034 988 1243 1035 officium
1259 987 1522 1051 peragitur,
1549 1004 1671 1051 pene
1695 986 1955 1034 immobilis
1970 1005 2022 1033 ac

595 1079 790 1116 mortuo
826 1083 969 1131 quam
1006 1065 1182 1112 viventi
1217 1064 1419 1110 similior
1460 1065 1634 1128 jacuit;
1682 1064 1933 1129 multoque
1966 1082 2021 1111 ex

596 1144 791 1192 naribus
820 1146 917 1207 ejus
950 1142 1178 1206 sanguine
1202 1151 1453 1198 manente,
1479 1151 1587 1205 post
1622 1141 1915 1205 completum
1945 1159 2022 1187 sa—

595 1240 730 1268 crum
757 1220 993 1274 officium,
1017 1236 1125 1264 cum
1151 1235 1322 1281 magna
1348 1217 1660 1281 inspectantis
1684 1218 1850 1282 populi
1874 1217 2019 1264 admi-

594 1299 779 1346 ratione
798 1334 810 1355 ,
839 1315 977 1343 sanus
1001 1314 1052 1342 ac
1072 1296 1173 1342 sine
1193 1295 1288 1341 ulla
1310 1294 1630 1359 trepidatione
1652 1296 1877 1342 surrexit.
1902 1295 2021 1341 Fac-

596 1387 698 1423 tum
717 1386 786 1423 est
815 1375 906 1422 hoc
929 1374 1215 1420 miraculum
1245 1373 1433 1419 decimo
1457 1383 1628 1420 octavo
1647 1372 1866 1420 kalendas
1889 1373 2016 1437 julii,

591 1454 669 1501 die
690 1453 938 1501 dominico
953 1487 966 1510 ,
990 1453 1114 1499 sicut
1139 1451 1355 1515 superius
1380 1450 1780 1515 comprehensum
1799 1461 1884 1499 est.

661 1776 739 1822 86.
780 1773 958 1832 Quarta
1006 1781 1162 1817 autem
1209 1771 1322 1817 feria
1348 1806 1361 1827 ‚
1402 1770 1449 1817 id
1484 1781 1587 1828 est,
1623 1771 1808 1819 decimo
1845 1771 2019 1837 quinto

594 1850 814 1897 kalendas
834 1847 940 1913 julii
960 1883 972 1904 ,
1003 1864 1122 1911 puer
1146 1846 1339 1912 quidam
1356 1882 1370 1904 ‚
1404 1848 1601 1894 nomine
1620 1847 1909 1894 Folchardus
1925 1884 1938 1906 ,
1962 1848 2019 1894 de

595 1925 885 1974 monasterio
913 1923 1044 1988 quod
1067 1922 1386 1970 Meldradium
1412 1934 1629 1981 vocatur,
1656 1925 1739 1988 qui
1775 1935 1876 1971 erat
1908 1941 2019 1971 cru-

593 2003 725 2049 ribus
764 2019 815 2047 ac
849 1999 1048 2065 pedibus
1083 1999 1340 2046 miserabili
1376 2000 1709 2047 contractione
1749 2000 1978 2048 distortus
2001 2036 2014 2058 ,

593 2082 758 2128 eodem
776 2081 824 2125 in
839 2079 945 2126 loco
960 2114 973 2135 ‚
995 2095 1157 2125 coram
1174 2078 1307 2124 omni
1322 2078 1505 2142 populo
1519 2114 1532 2136 ,
1552 2088 1742 2124 curatus
1756 2090 1841 2126 est.
1862 2078 2019 2126 Unde-

593 2163 717 2206 cimo
736 2158 955 2205 kalendas
974 2157 1084 2221 julii
1110 2157 1242 2203 venit
1273 2156 1466 2222 quidam
1498 2155 1645 2204 homo
1672 2158 1730 2204 ad
1754 2157 2015 2211 ecclesiam,

592 2249 639 2285 et
672 2239 796 2283 inter
823 2247 1019 2282 caeteros
1054 2235 1274 2292 intravit,
1317 2237 1448 2298 cujus
1479 2234 1645 2281 dextra
1677 2252 1845 2281 manus
1876 2234 2019 2280 simul

592 2330 701 2360 cum
716 2311 914 2358 brachio
932 2310 1076 2358 modo
1101 2309 1308 2356 mirabili
1329 2309 1614 2356 movebatur
1633 2311 1680 2356 in
1697 2328 1891 2376 gyrum,
1913 2311 2016 2357 acsi

591 2391 767 2439 molam
797 2399 984 2436 vertere
1014 2387 1237 2444 deberet,
1274 2387 1416 2452 idque
1443 2388 1732 2436 incessanter
1765 2388 1948 2454 agebat.
1976 2390 2017 2434 Is

590 2467 808 2522 dicebat,
844 2465 908 2513 ob
941 2466 1031 2513 lioc
1066 2464 1154 2511 sibi
1190 2465 1310 2512 hanc
1347 2466 1732 2531 inquietudinem
1767 2467 2012 2523 accidisse,

590 2548 700 2612 quia
738 2545 813 2592 die
848 2543 1099 2591 Dominica
1133 2555 1298 2591 contra
1336 2546 1537 2592 vetitum
1570 2545 1804 2603 moleret;
1844 2547 2015 2609 etjam

589 2642 771 2672 annum
800 2623 1044 2687 integrum
1081 2623 1326 2670 evolutum
1365 2640 1490 2680 esse,
1531 2641 1586 2671 ex
1612 2641 1711 2689 quo
1743 2622 2011 2687 hujusmodi

591 2719 733 2767 poena
777 2700 1030 2746 mulctatus
1068 2708 1153 2747 cst.
1195 2701 1285 2761 Qui
1326 2718 1434 2747 cum
1470 2701 1526 2747 ad
1564 2719 1714 2748 sacras
1742 2701 2013 2766 Martyrum

589 2777 1158 2842 reliquiasappropiasset
1176 2813 1186 2832 ‚
1214 2776 1373 2841 ibique
1401 2778 1604 2825 fideliter
1624 2796 1702 2825 eos
1732 2778 2008 2832 invocasset,
