1979 3348
518 200 778 240 APPENDIX
810 200 1023 240 ALTERA.
1402 201 1478 239 165

67 283 271 341 argueris.
307 282 450 341 Quem
479 284 593 325 enim
627 282 840 325 Dominus
873 281 1036 339 diligit,
1062 280 1261 339 corripit,
1288 289 1329 322 et
1359 280 1481 337 quasi

66 361 234 419 paterin
246 358 335 401 filio
347 360 582 418 complacet
592 359 671 402 sibi
681 362 718 416 (1
730 358 768 417 )»
781 393 789 401 .
802 359 998 417 Denique
1007 374 1192 417 quorum
1206 357 1297 399 istic
1309 366 1482 416 peccata

66 454 152 479 non
178 438 344 490 visitat,
369 453 561 496 quosque
583 438 734 480 florere
757 452 834 495 pro
857 445 957 478 voto
979 436 1206 494 permittit,
1229 436 1272 478 in
1289 435 1367 478 hos
1388 444 1484 494 post

67 526 270 568 mortem,
296 515 488 573 ejusdem
519 516 581 557 ira
605 515 789 557 desaevit.
814 515 878 555 De
907 512 1063 555 talibus
1086 514 1129 555 in
1154 513 1355 572 psalterio
1378 513 1485 571 legi—

66 609 160 635 mus
182 611 189 635 :
207 612 227 633 «
239 593 288 635 In
308 593 453 636 labore
472 593 698 635 hominum
712 607 798 633 non
819 600 933 642 sunt,
953 600 993 632 et
1011 606 1107 632 cum
1128 590 1378 633 hominibus
1396 606 1483 632 non

68 670 401 728 flagellabuntur
420 670 481 728 (2)
497 689 534 712 ».
556 671 608 711 Et
626 670 668 711 in
685 669 765 711 Job
788 686 796 711 ε
825 686 845 708 «
866 668 1043 710 Ducunt
1061 668 1104 708 in
1123 666 1248 709 bonis
1260 667 1349 710 dies
1368 683 1484 720 suos,

66 756 107 787 et
132 747 174 788 in
195 756 353 805 puncto
372 745 424 787 ad
443 745 611 788 inferna
624 745 890 788 descendunt
908 744 1024 801 (3)».
1044 745 1253 786 Praeterea
1274 745 1358 786 hoc
1380 745 1490 786 mihi

67 823 242 881 subjicit
262 839 403 875 mens,
428 823 612 866 voluisse
630 824 770 865 Deum
796 822 922 865 rebus
940 822 1040 881 ipsis
1061 838 1136 864 vos
1158 822 1342 880 experiri
1360 838 1489 880 quam

68 900 120 941 sit
141 897 290 941 infelix
310 900 387 958 qui
408 900 450 941 in
475 910 729 958 perpetuum
753 900 1017 957 abjungatur
1035 899 1089 941 ab
1114 899 1205 957 ipso
1219 932 1229 951 ,
1257 899 1302 940 in
1325 915 1412 956 quo
1430 909 1491 940 est

70 986 275 1035 perpetua
297 986 337 1018 et
361 993 461 1019 vera
481 977 730 1029 delectatio,
756 977 790 1019 si
810 987 895 1019 tam
924 976 1169 1018 immaniter
1189 975 1368 1027 afficiat,
1396 975 1493 1017 licet

71 1054 267 1097 fidissimi
287 1066 414 1114 atque
438 1055 661 1107 carissimi,
676 1065 818 1098 tamen
837 1055 1043 1109 hominis,
1056 1063 1358 1096 momentanea
1376 1069 1496 1112 sepa-

72 1132 194 1174 ratio.
220 1132 331 1174 Cum
355 1132 445 1175 haec
469 1132 720 1174 verisimilia
741 1147 829 1174 esse
850 1130 1096 1183 videantur,
1124 1129 1307 1183 abolete,
1332 1146 1494 1189 quaeso,

71 1219 282 1267 quantum
302 1211 476 1269 potestis
491 1244 501 1263 ,
519 1210 570 1252 de
590 1226 676 1269 quo
693 1225 830 1252 sermo
846 1209 1047 1260 habetur,
1068 1225 1296 1251 moerorem
1309 1242 1319 1261 ,
1340 1218 1380 1251 et
1398 1225 1495 1251 cum

72 1287 153 1329 Job
195 1286 324 1330 dicite
358 1305 366 1330 :
398 1306 419 1329 «
449 1288 666 1330 Dominus
711 1287 853 1339 dedit,
893 1288 1108 1329 Dominus
1147 1287 1337 1330 abstulit.
1379 1286 1500 1330 Sicut

74 1368 263 1409 Domino
289 1366 472 1426 placuit,
500 1367 556 1408 ita
586 1366 765 1408 sactum.
798 1366 861 1408 Sit
885 1382 1043 1408 nomen
1085 1366 1265 1408 Domini
1297 1364 1501 1407 henedic-

76 1454 166 1486 tum
188 1445 253 1502 (4)
274 1462 313 1488 ».
350 1446 404 1487 Et
436 1461 533 1487 cum
572 1443 778 1503 Apostolo
810 1445 853 1485 in
881 1444 963 1486 Dei
998 1444 1241 1502 spatiamini
1272 1442 1499 1495 laudibus,

78 1521 266 1565 dicentes
303 1540 312 1564 ε
341 1540 360 1562 «
385 1522 642 1572 Benedictus
663 1522 780 1563 Deus
803 1531 843 1563 et
862 1521 989 1564 Pater
1015 1521 1195 1563 Domini
1227 1521 1361 1563 nostri
1402 1521 1502 1563 Jesu

78 1599 260 1652 Christi,
281 1599 405 1642 Pater
436 1597 832 1641 misericordiarum
851 1632 861 1650 ,
889 1608 930 1640 et
956 1599 1074 1640 Deus
1099 1598 1230 1641 totius
1250 1596 1505 1641 consolatio-

80 1677 166 1729 nis,
188 1677 264 1735 qui
285 1675 532 1719 consolatur
558 1692 636 1718 nos
668 1676 712 1717 in
747 1676 866 1717 omni
895 1674 1174 1718 tribulatione
1214 1685 1358 1718 nostra
1377 1672 1438 1733 (5)
1462 1692 1501 1715 n.

129 1755 274 1797 Restat
286 1770 382 1813 pars
396 1754 528 1797 altera
544 1755 728 1813 suscepti
743 1754 928 1811 negotii:
943 1770 1038 1812 quae
1052 1753 1305 1812 stringenda
1320 1753 1506 1795 breviter

81 1840 163 1882 est,
184 1847 237 1873 ne
255 1830 366 1874 sorte
386 1831 509 1890 plura
528 1831 697 1883 dicens,
724 1831 802 1872 sim
821 1831 967 1883 oneri,
989 1831 1065 1889 qui
1088 1831 1267 1888 gestiam
1287 1846 1375 1873 esse
1397 1830 1508 1873 sola-

84 1909 158 1950 tio.
179 1909 292 1950 Hinc
307 1909 559 1960 instaurari,
580 1909 712 1949 immo
728 1923 998 1966 perseverare
1018 1907 1181 1949 doloris
1195 1906 1352 1949 vulnus
1370 1922 1508 1949 asser-

82 1987 220 2038 uistis,
234 1985 351 2044 quod
368 1985 611 2044 duplicatus
631 1984 824 2043 quotidie
834 1984 1126 2044 dispositionis
1144 1984 1268 2026 labor
1285 1983 1390 2042 quid
1406 1983 1510 2025 boni

83 2064 356 2123 perdideritis
377 2062 628 2114 admoneat,
655 2079 704 2105 ac
732 2073 956 2121 propterea
981 2078 1060 2104 nec
1085 2061 1203 2104 finiri
1226 2077 1345 2120 posse
1363 2060 1512 2103 videa-

85 2152 171 2184 tur.
199 2141 248 2182 Id
275 2157 362 2183 esse
391 2140 659 2182 verissimum
701 2141 789 2199 ipse
819 2141 1103 2183 concesserim
1122 2174 1132 2192 ,
1170 2138 1364 2197 illudque
1394 2138 1512 2196 quod

86 2220 198 2262 inter
209 2219 291 2262 alia
309 2219 508 2278 posuistis
521 2253 531 2271 ,
553 2235 640 2261 non
659 2234 781 2277 posse
800 2234 877 2277 pro
890 2218 1111 2261 voluntate
1130 2219 1352 2260 hominem
1372 2217 1514 2260 dolori

136 2384 187 2428 (1)
212 2382 271 2418 Cf.
289 2383 396 2417 Prov.
419 2394 470 2427 111,
496 2396 531 2416 11
554 2389 593 2417 et
616 2394 654 2416 12
676 2382 800 2426 (hunc
825 2383 946 2418 locum
973 2384 1095 2430 Lupus
1120 2395 1162 2416 ex
1180 2389 1355 2430 utraque,
1373 2382 1512 2429 vulgat.

90 2438 229 2473 scilicet
247 2445 285 2473 et
300 2445 465 2485 septuag.
487 2439 654 2473 versione
670 2438 883 2485 conflavit.).

137 2503 186 2547 (2)
212 2501 270 2537 Cf.
289 2501 423 2536 Psalm.
444 2514 550 2545 Lxxu,
571 2501 607 2537 5.
631 2501 789 2548 (Vulg.).

138 2564 190 2610 (3)
217 2565 275 2601 Cf.
297 2564 379 2609 Job,
403 2577 474 2608 χιιι,
498 2563 539 2599 13
558 2565 719 2612 (Vulg.).

140 2630 189 2674 (4)
215 2629 273 2665 Cf.
296 2629 380 2673 Job,
404 2641 426 2673 ι,
444 2640 501 2663 ¹21.

140 2692 190 2738 (5)
216 2693 272 2728 Cf.
293 2692 395 2727 Paul.
417 2691 462 2727 ad
482 2692 566 2728 Cor.
592 2693 642 2736 ll,
668 2706 693 2735 ι,
715 2691 736 2727 5
757 2699 788 2727 el
812 2695 843 2734 4.
