2105 3348
611 292 690 330 332
914 289 1157 328 HISTORIA
1186 288 1588 328 TRANSLATIONIS
1600 319 1610 339 ,
1641 302 1721 328 mc.

610 371 829 426 ducente,
855 369 1048 433 perlatae
1074 381 1203 417 sunt.
1223 370 1325 417 Hoc
1349 370 1536 433 signum
1560 369 1703 433 ipsius
1718 368 1906 434 Georgii
1934 389 2012 418 re-

609 447 784 494 latione
810 457 996 493 constat
1017 446 1134 494 mihi
1163 465 1259 495 esse
1284 456 1585 510 compertum
1608 466 1618 492 :
1646 446 1703 493 de
1727 448 1910 494 caeteris
1928 466 2014 495 au-

615 541 729 581 :em‚
752 542 859 589 quae
886 542 1016 571 nunc
1037 525 1232 573 dicenda
1255 534 1389 582 sunt,
1415 522 1474 570 ab
1499 540 1555 570 eo
1584 521 1799 570 libellum
1830 526 2012 590 accepi,

609 602 740 663 cujus
775 600 896 648 ordo
935 601 1007 649 vel
1043 602 1182 649 series
1222 602 1349 648 hunc
1395 600 1590 649 modum
1627 599 1798 647 habere
1839 617 2016 666 cogno-

609 686 773 722 scitur.

670 754 750 800 69.
773 754 917 802 Anno
936 766 1110 820 quarto
1129 755 1314 804 decimo
1333 755 1426 819 (a),
1455 753 1645 802 Christo
1671 754 1899 818 propitio,
1927 754 2013 800 im-

604 830 724 892 perii
740 830 1007 879 Hludowici
1025 831 1244 897 Augusti,
1261 848 1371 878 cum
1385 830 1438 877 ad
1458 830 1859 878 corroborandam
1875 829 2013 876 chris·

605 907 721 953 tiani
753 908 919 973 populi
965 908 1137 968 fidem,
1175 910 1297 956 sicut
1330 909 1380 956 in
1417 908 1557 955 initio
1591 908 1827 955 nascentis
1863 907 2013 955 eccle-

602 985 712 1042 siae,
754 986 883 1050 signa
925 997 973 1034 et
1017 987 1231 1052 prodigia
1281 988 1328 1034 in
1375 987 1477 1051 ipso
1518 986 1640 1051 regis
1681 985 1882 1050 palatio,
1927 1003 2012 1050 per

601 1063 768 1110 merita
786 1065 1073 1111 Sanctorum
1087 1082 1301 1121 suorum,
1321 1064 1552 1112 Dominus
1565 1062 1842 1128 dignaretur
1858 1072 2014 1110 osten-

598 1139 709 1187 dere
728 1175 742 1197 ‚
782 1141 922 1204 petiit
952 1151 999 1189 et
1029 1141 1246 1189 obtinuit
1273 1141 1504 1205 Georgius
1535 1139 1802 1206 presbyter,
1834 1140 2012 1205 Aquis-

598 1217 732 1280 grani
764 1218 963 1281 palatio,
999 1217 1059 1264 ab
1082 1217 1327 1265 Einhardo
1359 1217 1558 1276 abbate,
1595 1218 1817 1283 reliquias
1845 1217 2010 1264 beato-

600 1311 710 1340 rum
741 1293 915 1342 Christi
949 1306 1221 1361 martyrum
1251 1295 1516 1344 Marcellini
1550 1306 1596 1344 et
1622 1296 1775 1356 Petri,
1806 1313 2012 1361 quorum

601 1387 802 1434 corpora
833 1371 930 1435 ipse
952 1371 1011 1419 de
1035 1372 1187 1419 Roma
1217 1390 1302 1437 per
1329 1372 1544 1420 homines
1568 1389 1675 1420 suos
1701 1372 1835 1418 allata
1861 1389 2013 1436 nuper

599 1459 842 1512 acceperat
872 1469 883 1495 :
918 1467 1087 1514 easque
1122 1450 1170 1496 in
1205 1468 1368 1515 capsa,
1405 1467 1548 1515 quam
1581 1467 1698 1497 auro
1737 1460 1782 1497 et
1817 1450 2013 1515 gemmis

598 1525 823 1573 decenter
847 1538 1100 1574 ornaverat
1115 1563 1129 1586 ‚
1164 1529 1431 1576 reconditas
1454 1547 1540 1593 per
1562 1529 1816 1576 diaconum
1839 1546 1978 1574 suum
1994 1563 2009 1585 ,

598 1605 794 1651 nomine
831 1605 1220 1663 Theothardum,
1263 1606 1319 1653 ad
1357 1605 1596 1652 basilicam
1631 1607 1680 1653 S.
1717 1606 1856 1652 Salvii
1891 1624 2009 1652 mar-

600 1682 718 1745 tyris
734 1717 746 1738 ‚
773 1699 917 1746 quam
942 1683 1040 1747 ipse
1066 1693 1179 1730 tunc
1211 1685 1438 1747 temporis
1465 1702 1549 1748 per
1575 1682 1859 1731 beneficium
1889 1683 2010 1748 regis

600 1757 813 1816 tenebat,
837 1758 1039 1823 dirigere
1060 1760 1260 1806 curavit.
1283 1760 1377 1821 Qui
1400 1759 1625 1807 diaconus
1650 1777 1757 1806 cum
1776 1753 1834 1805 ad
1849 1759 2007 1805 villam

597 1835 792 1899 regiam,
817 1853 924 1901 quae
947 1836 1228 1884 vuasidium
1252 1848 1464 1895 vocatur,
1488 1837 1709 1894 venisset,
1733 1836 1947 1885 occurrit
1967 1836 2006 1883 ei

595 1911 742 1961 homo
773 1912 1083 1978 gibberosuS,
1120 1925 1166 1962 et
1196 1932 1252 1962 ex
1280 1915 1497 1961 dentium
1525 1913 1691 1961 dolore
1726 1914 1787 1960 ita
1816 1924 2008 1960 vexatus

592 2000 734 2055 atque
759 1990 1032 2050 confectus,
1068 2001 1120 2038 ut
1144 1993 1241 2056 jam
1271 2010 1356 2057 per
1388 1991 1485 2039 dies
1513 1991 1787 2057 quindecim
1817 1990 2007 2037 nullum

594 2067 740 2114 alium
777 2069 958 2115 victum
992 2087 1137 2135 quam
1171 2069 1321 2118 solam
1351 2087 1520 2135 aquam
1560 2079 1717 2134 posset
1753 2086 2002 2116 assumere.

597 2143 689 2204 Qui
717 2163 827 2192 cum
855 2145 1077 2195 hortante
1102 2147 1303 2195 diacono
1332 2165 1492 2195 coram
1519 2147 1759 2213 reliquiis,
1786 2163 1906 2212 quas
1930 2145 2008 2194 ille

594 2220 813 2280 ferebat,
857 2220 911 2271 sev
940 2224 996 2270 ad
1036 2224 1270 2271 orandum
1307 2233 1589 2289 prostrasset
1609 2259 1622 2281 ‚
1664 2233 1712 2270 et
1745 2223 2004 2270 Dominum

594 2297 860 2358 Christum,
897 2310 952 2346 ut
978 2301 1048 2347 sui
1074 2301 1396 2358 misereretur,
1435 2300 1605 2348 devote
1637 2317 1689 2346 ac
1728 2300 2007 2365 suppliciter

594 2374 856 2423 invocasset
874 2411 888 2433 ,
920 2394 1005 2440 per
1031 2377 1419 2425 intercessionem
1443 2386 1715 2425 sanctorum
1740 2377 2002 2424 Marcellini

593 2461 640 2498 et
665 2453 818 2510 Petri,
842 2464 1011 2500 cuncta
1036 2454 1252 2518 corporis
1278 2454 1667 2503 incommoditate
1692 2455 1910 2521 depulsa,
1937 2473 2005 2501 sa-

590 2551 680 2580 nus
706 2533 765 2580 ab
787 2535 1004 2583 oratione
1031 2536 1254 2584 surrexit.
1286 2538 1481 2584 Factum
1510 2547 1578 2585 est
1606 2537 1697 2585 hoc
1720 2537 2001 2584 miraculum

641 2665 693 2710 (a)
709 2664 781 2699 Hic
809 2666 1042 2713 exscriptoris
1069 2666 1239 2702 mendam
1264 2667 1451 2714 irrepsisse
1481 2667 1720 2710 crediderim,
1750 2675 1805 2713 et,
1836 2675 1927 2704 teste
1954 2667 1998 2702 D.

596 2723 726 2771 Bouq.,
748 2724 804 2760 VJ
813 2752 822 2769 ,
843 2724 928 2774 273,
950 2738 989 2770 c,
1015 2725 1212 2774 legendum
1231 2738 1307 2762 esse
1325 2739 1424 2763 anno
1442 2728 1569 2775 quinto
1591 2726 1732 2763 decimo
1749 2729 1893 2773 imperii
1905 2726 1999 2763 Hla-

595 2782 746 2825 dowicm
764 2783 810 2820 de
827 2784 897 2835 hoc
914 2784 1045 2822 videsis
1061 2791 1136 2823 not.
1160 2788 1204 2830 44
1221 2785 1267 2823 ad
1282 2786 1416 2824 calcem
1435 2787 1545 2833 hujus
1563 2787 1735 2823 historiae.
