2105 3348
595 256 642 291 16
1020 252 1271 290 EINHARDI
1304 253 1574 292 EPISTOLAE.

799 396 867 434 IX.
905 397 967 433 AD
1000 395 1275 434 GEBOINUM
1308 397 1508 435 PALATH
1543 399 1795 438 COMl'l‘EM.

656 503 975 549 Dilectissimo
995 502 1132 549 fratri
1152 504 1392 562 Geboino,
1412 505 1620 568 glorioso
1643 510 1803 555 comiti
1827 511 2003 573 palatii,

590 581 858 626 Einhardns
895 582 939 626 iu
975 582 1185 628 Domino
1216 583 1432 629 salutem.
1458 612 1517 617 —-
1540 584 1673 647 Rogo
1703 586 2006 635 dilectionem

594 658 833 721 [vestram]
874 669 926 703 ut
960 658 1087 704 hunc
1125 677 1374 724 pagensem
1406 671 1649 716 nostrum,
1687 665 1881 711 nomine
1918 666 2011 710 Da-

590 734 698 788 vid,
742 738 1039 781 necessitates
1077 754 1178 782 suas
1215 737 1300 783 tibi
1340 737 1516 784 referre
1554 739 1822 795 volentem,
1862 759 2009 787 exan-

590 812 691 859 dire
729 813 969 878 digneris;
1009 824 1072 869 et,
1110 816 1145 859 si
1190 833 1371 861 causam
1412 819 1507 878 ejus
1550 817 1882 865 rationabilem
1916 838 2011 866 esse

592 892 902 955 cognoveris,
946 891 1104 937 locum
1144 893 1185 938 ei
1223 892 1360 938 facias
1395 894 1451 938 ad
1487 893 1718 939 domnum
1757 896 2012 959 imperato-

591 986 692 1015 rem
725 987 772 1016 se
801 969 1073 1016 reclamare.
1111 969 1195 1015 Est
1225 971 1353 1015 enim
1383 970 1507 1016 idem
1538 970 1681 1018 homo
1712 972 1874 1019 domni
1899 974 2015 1020 Hlo-

593 1046 732 1093 tharii
756 1049 855 1110 (1);
894 1058 938 1094 et.
976 1047 1107 1104 ideo,
1148 1065 1247 1094 non
1275 1058 1462 1094 tantum
1500 1059 1696 1112 propter
1729 1051 2013 1113 petitionem

593 1143 770 1181 meam,
799 1125 874 1172 secl
902 1136 1101 1190 propter
1129 1125 1360 1173 honorem
1387 1136 1435 1171 et
1459 1143 1667 1172 amorcm
1692 1128 1889 1174 senioris
1913 1130 1981 1174 sui
1999 1165 2010 1184 ‚

590 1201 732 1249 debes
758 1202 891 1248 illum
917 1202 1152 1266 adjuvare.
1174 1202 1301 1266 Opto
1321 1213 1371 1248 ut
1393 1214 1437 1249 te
1462 1220 1626 1248 sanum
1654 1214 1700 1249 et
1726 1204 2014 1252 incolumem

594 1280 690 1325 cito
714 1278 872 1326 videre
903 1297 1102 1327 merear.

878 1513 927 1551 X.
963 1516 1028 1552 AD
1061 1514 1221 1552 ΗΕΤΤΙ
1254 1515 1722 1553 ARCHIEPISCOPUM.

658 1619 869 1666 Domino
895 1629 1058 1665 sancto
1082 1630 1129 1666 et
1148 1620 1322 1666 merito
1340 1619 1599 1666 venerabili
1619 1620 1748 1666 Hetti
1764 1656 1775 1675 ,
1798 1636 2017 1666 reveren-

595 1696 776 1742 tissimo
801 1696 1176 1761 archiepiscopo,
1200 1695 1470 1743 Einhardus
1490 1697 1943 1761 peccator.—-Sicut
1960 1715 2016 1743 ex

594 1774 765 1821 litteris
801 1774 1067 1820 sanctitatis
1101 1785 1270 1822 vestrae
1305 1791 1388 1821 vos
1425 1774 1543 1821 velle
1578 1775 1918 1840 cognovimus,
1954 1774 2015 1820 ita

592 1850 693 1896 sine
733 1849 962 1897 dilatione
999 1850 1152 1898 facere
1190 1852 1487 1907 curavimus,
1524 1852 1762 1899 mittendo
1799 1850 2017 1898 videlicet

593 1927 728 1976 vobis
762 1928 1016 1994 reliquiaS,
1043 1947 1158 1993 quas
1189 1946 1271 1976 vos
1304 1928 1477 1976 habere
1518 1929 1636 1977 velle
1668 1929 1724 1976 ad
1756 1928 2017 1977 dedicatio-

592 2025 703 2054 nem
735 2025 876 2055 novae
907 2006 1115 2055 basilicae
1143 2018 1313 2055 vestrae
1341 2008 1607 2072 scripsistis.
1643 2008 1708 2054 Et
1734 2007 1927 2072 quidem
1953 2007 2017 2053 li-

592 2083 764 2130 benter
788 2084 835 2130 id
858 2084 1082 2142 fecimus,
1111 2085 1195 2150 qui
1220 2085 1362 2132 talem
1389 2084 1610 2131 fiduciam
1638 2085 1687 2130 in
1713 2083 1849 2131 vobis
1875 2082 2018 2131 liabe-

592 2179 729 2218 mus,
768 2173 824 2207 ut
859 2179 1174 2227 quaecumque
1214 2162 1445 2226 particula
1490 2161 1547 2209 de
1587 2163 1727 2208 sacris
1765 2160 2016 2209 beatorum

592 2249 863 2304 martyrum
889 2238 1129 2287 cineribus
1154 2239 1210 2286 ad
1229 2257 1313 2286 vos
1336 2240 1635 2304 pervenerit,
1661 2239 1764 2286 talis
1792 2240 1833 2287 ei
1858 2239 2016 2286 honor

593 2315 891 2373 exhibeatur,
920 2316 1107 2381 qualem
1139 2318 1251 2364 totis
1280 2335 1446 2364 eorum
1478 2317 1762 2382 corporibus
1791 2315 2015 2364 exhibere

591 2393 930 2447 debueramus,
969 2395 1058 2440 nisi
1091 2394 1262 2441 desidia
1294 2407 1343 2442 et
1375 2395 1658 2460 negligentia
1694 2395 1767 2458 (2)
1798 2413 1822 2440 a
1852 2394 2016 2442 debito

592 2472 683 2518 illis
714 2471 899 2520 honore
927 2473 1206 2519 retardaret.
1236 2473 1376 2533 Quod
1401 2484 1560 2520 autem
1594 2491 1678 2537 per
1713 2490 1799 2520 nos
1831 2490 2015 2538 cogno-

591 2567 719 2596 scere
746 2549 986 2607 voluistis,
1018 2550 1218 2596 minime
1247 2569 1330 2598 vos
1366 2551 1423 2597 de
1454 2550 1524 2596 his
1557 2552 1783 2598 certiores
1818 2549 2013 2598 reddere

637 2708 687 2752 (ι)
712 2707 805 2742 Cod.
827 2707 1027 2742 Illutharii.

636 2767 686 2810 (τὶ)
712 2766 803 2801 Cod.
825 2768 1061 2813 neglegentia
1068 2794 1135 2801 .....
1159 2767 1284 2800 diln'lm
