2105 3348
573 258 624 294 82
1000 246 1255 285 ElNHARDI
1288 245 1560 285 EPISTOLAE.

572 334 666 380 suri
689 340 800 379 sunt
818 331 906 393 (1).
936 328 999 373 Et
1022 326 1127 373 ideo
1148 324 1434 391 benignitati
1455 335 1623 373 vestrae
1641 336 1840 391 quantas
1859 325 1990 373 valeo

573 410 742 475 gratias
773 423 883 471 ago,
911 414 958 451 et
981 403 1159 451 obnixe
1194 403 1424 467 deprecor
1448 413 1503 448 ut
1529 403 1789 450 secundum
1811 402 1991 449 bonam

575 483 968 532 consuetudinem
983 490 1186 527 vestram
1201 499 1291 545 pro
1308 499 1383 528 me
1403 498 1586 545 semper
1610 499 1705 528 esse
1727 480 1988 546 dignemini

575 575 668 609 tam
700 560 823 625 apud
851 560 1102 607 dominum
1136 559 1492 623 imperatorem,
1526 577 1670 624 quam
1705 559 1829 622 apud
1867 559 1991 606 filios

576 642 671 703 ejus
688 674 700 695 ,
744 638 1041 700 maximeque
1082 636 1206 700 apud
1239 636 1473 684 domnum
1513 636 1783 682 Hlotarium
1799 671 1812 692 ,
1853 637 1992 699 juve—

575 716 771 780 nem(2)
797 725 1074 779 augustum,
1098 714 1148 760 in
1184 717 1314 778 cujus
1341 717 1536 779 pietate,
1565 715 1676 761 lieet
1702 713 1991 769 immeritus,

575 812 796 860 magnam
817 792 967 840 habeo
988 792 1224 839 fiduciam.
1247 794 1486 840 Caeterum
1503 811 1623 858 rogo
1646 810 1729 840 vos
1747 803 1802 839 ut,
1818 810 1906 856 pro
1931 792 1990 838 N.

577 873 779 936 pictore,
801 870 974 918 devoto
988 871 1183 934 juniore
1202 880 1378 928 vestro,
1403 871 1669 919 mercedem
1686 869 1856 917 habere
1873 869 1993 916 veli-

580 949 654 1006 tis,
685 959 729 995 et
755 966 862 996 eum
888 948 1107 1012 adjuvare
1124 984 1136 1005 ,
1165 959 1212 995 et
1243 947 1366 1012 apud
1399 948 1632 995 domnum
1658 949 1997 1011 imperatorem

578 1044 669 1091 pro
683 1026 766 1073 illo
780 1025 1070 1073 intercedere
1081 1025 1360 1090 dignemini,
1375 1026 1410 1072 si
1423 1043 1692 1091 congruum
1704 1025 1864 1071 locum
1876 1023 2001 1070 vide-

580 1104 686 1149 ritis
705 1139 719 1162 ,
744 1121 804 1150 ne
827 1121 912 1167 per
936 1104 1275 1168 cujuscumque
1301 1102 1530 1149 invidiam
1554 1101 1842 1149 beneficium
1863 1117 2001 1146 suum

582 1181 797 1238 amittat,
826 1181 957 1246 quod
976 1180 1184 1228 dominis
1208 1181 1302 1226 suis
1321 1179 1442 1227 bene
1461 1179 1709 1227 serviendo
1728 1178 1996 1243 acquisivit.

581 1259 698 1306 Mihi
735 1277 834 1306 non
868 1271 938 1306 est
973 1277 1161 1307 necesse
1191 1258 1328 1306 vobis
1364 1259 1646 1315 nominare,
1682 1257 1763 1322 qui
1804 1256 1899 1302 sint,
1932 1255 2000 1300 illi

584 1355 704 1402 quos
747 1339 796 1384 in
834 1337 918 1384 hac
956 1356 1091 1385 eausa
1128 1339 1319 1395 timeat3
1360 1338 1587 1402 quoniam
1628 1353 1762 1401 aeque
1781 1335 1852 1399 (3)
1884 1332 2002 1380 mihi

583 1432 634 1460 ac
661 1414 794 1462 vobis
819 1416 922 1462 noti
950 1427 1080 1462 sunt.
1104 1417 1318 1462 Tantum
1336 1432 1455 1479 rogo
1480 1425 1534 1461 ut
1552 1451 1565 1473 ,
1589 1415 1638 1460 in
1661 1423 1897 1481 quantum
1915 1428 2006 1476 po-

584 1493 716 1540 testis
732 1529 746 1551 ,
771 1511 880 1540 eum
898 1494 1119 1558 adjuvare
1138 1494 1420 1559 dignemini.
1445 1495 1572 1558 Opto
1592 1504 1647 1539 ut
1673 1510 1859 1557 semper
1884 1489 2006 1539 bene

583 1570 773 1618 valeatis
794 1571 843 1618 in
864 1571 1093 1618 Domino.

1009 2135 1150 2175 XLVI.
1178 2137 1244 2174 AD
1274 2135 1517 2175 ABBATEM
1547 2136 1593 2174 N.

659 2242 852 2288 Summa
876 2243 1182 2291 veneratione
1207 2244 1486 2309 dignissimo
1515 2242 1598 2302 N.‚
1629 2244 2014 2292 reverentissimo

596 2317 779 2376 abbati,
822 2318 1092 2367 Einhardus
1127 2332 1362 2386 peccator.
1394 2349 1458 2358 —
1488 2321 1620 2368 Sicut
1656 2340 1730 2369 me
1767 2322 2017 2387 petitionis

595 2415 714 2444 meae
737 2414 998 2445 memorem
1025 2416 1118 2446 esse
1134 2436 1147 2458 ‚
1172 2401 1237 2447 516
1264 2411 1310 2448 te
1332 2400 1664 2465 promissionis
1690 2411 1784 2447 tuae
1807 2399 2015 2449 oblitum

596 2491 692 2522 esse
733 2491 833 2522 non
869 2474 1098 2536 arbitror,
1138 2478 1249 2526 licet
1282 2479 1434 2526 multa
1471 2490 1519 2526 et
1554 2480 1679 2526 varia
1715 2497 1879 2527 rerum
1919 2480 2012 2525 im-

646 2641 697 2687 (ῐ)
721 2639 814 2675 Cod.
836 2642 1103 2676 1'ntercessuris.

643 2702 694 2746 (2)
718 2701 803 2736 Haec
821 2713 887 2736 vox
906 2702 946 2736 in
962 2701 1072 2737 editis
1085 2701 1327 2737 desideratur.

651 2759 702 2806 (3)
724 2761 947 2809 Codsequa.
