1979 3348
605 288 654 325 ΙΝ
663 287 769 326 DEX
800 289 1103 329 GENERALIS.

191 375 341 400 ratorem
356 392 364 406 ,
384 365 481 406 initi,
497 366 626 399 Graecis
648 368 769 413 legatis
790 369 823 401 in

191 413 329 446 basilica
368 414 404 447 S.
444 412 537 445 Petri
573 413 695 455 tradit,
735 416 821 457 2983

191 460 360 505 quosdam
379 459 423 492 de
441 460 677 492 Romanorum
692 461 823 505 primo-

191 507 286 539 ribus
303 507 338 539 in
359 506 463 540 vitam
489 517 583 538 suam
602 509 824 552 conjurantes

192 552 357 586 trucidari
373 553 484 599 jubet,
499 561 532 585 et
548 553 679 597 legatos
699 554 741 587 ad
762 555 825 586 im-

189 608 398 645 peratorem,
420 598 463 632 de
481 599 535 632 his
555 612 631 645 quae
647 600 708 633 sibi
729 601 823 646 obji-

189 647 369 680 ciebantur
403 646 658 686 satisfacturos,
695 648 822 689 mittit,

192 693 279 737 3143
300 693 446 727 Romani
460 693 494 726 in
511 705 603 735 eum,
618 694 824 738 aegritudine

189 739 416 781 laborantem,
433 740 620 781 rebellant,
644 749 677 774 et
695 740 824 786 praedia

190 786 232 819 ab
245 799 286 820 eo
303 788 441 820 noviter
456 795 642 829 exstructa,
661 787 824 820 incendio

189 843 354 874 cremant,
379 834 463 877 3163
496 846 587 867 anno
602 834 824 879 pontificatus

188 880 242 914 sui
260 881 423 914 vicesimo
440 881 568 927 primo,
587 883 656 914 vita
673 880 824 922 decedit,

191 927 269 960 318.

141 972 227 1014 LEo,
250 973 655 1019 Constantinopolitanus
675 975 825 1020 impera-

189 1021 451 1061 tor‚amicitiam
461 1022 620 1054 aKarolo
633 1022 682 1054 M.
696 1022 828 1066 expetit

189 1075 223 1100 et
241 1067 273 1100 ei
291 1068 458 1113 plurimas
483 1068 686 1113 legationes,
708 1069 824 1109 mittit,

187 1113 219 1155 Ι,
237 1116 292 1156 523
310 1115 472 1148 Crumam
485 1115 826 1160 Constantinopolim

187 1160 406 1194 obsidentem
423 1161 573 1207 repellit,
590 1162 676 1204 3063
696 1162 827 1206 legatos

187 1207 293 1241 mittit
305 1207 349 1241 ad
364 1207 609 1241 Hludowicum
624 1234 632 1249 ,
650 1209 736 1250 3083
753 1209 825 1254 qui,

187 1253 265 1287 vice
285 1267 357 1295 sua,
377 1254 421 1288 ad
440 1267 520 1288 eum
534 1256 626 1300 legat
647 1255 691 1287 ob
706 1267 827 1300 pacem

186 1302 426 1334 renovandam
459 1310 492 1334 et
528 1301 824 1343 confirmandam,

189 1347 278 1388 310;
298 1348 439 1381 Francis
469 1349 592 1394 legatis
622 1347 828 1394 descriptio-

187 1405 267 1426 nem
286 1394 362 1428 initi
390 1395 483 1441 pacti
500 1395 630 1435 tradit,
656 1395 742 1435 316;
762 1408 827 1441 pro

187 1441 376 1475 tractandis
406 1442 641 1476 Dalmatarum
678 1442 828 1487 negotiis

188 1487 231 1521 ad
249 1488 497 1522 Hludowicum
519 1488 622 1534 legat,
641 1488 719 1529 320,
739 1490 825 1532 3243

188 1534 224 1567 in
238 1535 316 1580 ipso
325 1536 492 1581 palatio,a
503 1534 675 1569 Michaele
689 1534 828 1568 domes-

186 1581 338 1615 ticorum
364 1583 491 1616 comite
511 1581 723 1622 trucidatur,
747 1582 824 1621 346.

141 1626 230 1668 Lno,
246 1629 433 1675 episcopus
446 1628 770 1668 Centumcellensis,
782 1630 829 1661 le-

186 1675 826 1722 gatuspapaeadimperatoren1‚1,380.

140 1721 217 1754 Lao
228 1723 481 1763 nomenclator,
502 1724 637 1768 legatus
655 1722 829 1755 Paschalis

186 1781 287 1815 papae
306 1770 349 1802 ad
368 1769 614 1803 Hludowicum
630 1794 640 1809 ,
669 1769 709 1809 Ι,
741 1769 828 1809 344;

187 1825 388 1858 excaecatus,
406 1816 441 1849 in
460 1816 671 1862 patriarchio
688 1817 828 1849 Latera-

188 1863 286 1896 nensi
308 1864 512 1905 decollatur,
531 1864 610 1897 360.

141 1908 230 1951 LEO,
249 1910 342 1943 filius
359 1910 480 1944 Bardae
497 1909 651 1956 patricii,
669 1909 704 1950 I,
726 1909 803 1949 304.

141 1956 230 1997 LEO,
248 1957 394 1990 Herenae
410 1957 641 2001 imperatricis
655 1955 699 1989 ad
718 1955 828 1988 Karo-

189 2004 262 2036 lum
284 2004 436 2049 legatus,
455 2004 493 2043 I,
514 2006 593 2044 254.

141 2049 235 2092 Lao,
264 2051 429 2095 magister
452 2051 625 2090 militum,
656 2047 830 2082 paschalis

189 2109 288 2143 papae
301 2097 346 2130 ad
360 2097 606 2131 Hludowicum
626 2095 778 2141 legatus,
796 2094 827 2137 I,

190 2144 268 2184 364.

142 2190 218 2224 Lao
250 2191 466 2236 spatharius,
501 2190 643 2223 natione
668 2188 826 2229 Siculus,

189 2237 226 2270 in
257 2238 406 2283 patriam
437 2250 453 2271 a
484 2236 608 2283 legatis
627 2234 824 2268 Hludowici

189 2283 383 2324 reducitur,
401 2284 436 2325 Ι,
461 2296 538 2328 292.

143 2329 296 2364 Leodicus
314 2331 411 2365 vicus
428 2332 556 2377 (Liege
575 2343 617 2365 en
629 2328 829 2375 Belgique),

191 2377 220 2417 Ι,
243 2379 391 2417 252311,
411 2380 489 2411 266.

142 2425 296 2458 Libellus
306 2423 476 2456 Einhardi
484 2422 528 2457 de
538 2436 641 2456 cruce
651 2421 828 2458 adoranda

190 2485 209 2505 a
224 2472 325 2517 Lupo
343 2469 521 2509 laudatus,
534 2469 587 2510 11,
610 2471 687 2503 168.

143 2518 308 2558 Liburnia,
322 2516 352 2559 I,
368 2516 476 2558 423in
489 2516 639 2561 imperio
647 2513 827 2548 KaroliM.

190 2565 317 2610 partim
338 2562 604 2609 comprehensa,
621 2563 678 2602 48,
692 2565 772 2600 242.
784 2579 832 2587 --

190 2611 367 2644 Liburniae
387 2609 457 2643 dux
473 2635 483 2651 ‚
502 2609 634 2649 Borna,
657 2608 734 2648 346.

144 2660 268 2703 Ligeris
285 2658 337 2703 (la
358 2657 502 2698 Loire)‚
524 2655 559 2696 I,
581 2657 636 2696 46.

146 2707 299 2750 Liguria,
321 2704 356 2745 I,
377 2705 456 2737 252.

147 2753 312 2786 Limovicae
339 2749 510 2797 oppidum
529 2750 541 2795 (
556 2748 718 2793 Limoges
732 2748 744 2792 )
758 2773 766 2789 ,
795 2747 830 2789 Ι,

198 2803 274 2839 140.

1483 292 1562 332 455

855 364 858 365 ⁷
884 369 1062 410 Lmomzs,
1081 370 1122 402 ad
1144 369 1381 404 Godofridum
1394 371 1562 406 deficien-

930 423 990 455 tes,
1005 428 1019 447 a
1031 416 1059 448 K
1067 416 1310 461 arolojuniore
1318 418 1563 463 profligantur,

928 462 962 502 1,
993 467 1078 507 274,
1107 468 1243 506 294.-—
1265 464 1473 498 Linonicum
1489 466 1564 499 bel-

929 508 999 541 lum
1026 509 1184 543 celeriter
1212 523 1230 543 a
1259 509 1391 544 Karolo
1422 512 1563 545 confec-

929 563 1013 593 tum,
1038 559 1092 594 44.

882 601 1112 642 Lronomms,
1135 602 1187 642 ΙΙ,
1206 603 1285 643 346.

882 648 1051 693 Lt'ppelzam
1068 648 1312 694 (Lippeheim,
1328 662 1369 682 au
1389 651 1566 684 confluent

930 693 973 727 de
989 694 1020 726 la
1039 695 1150 740 Lippe
1166 704 1198 728 et
1218 695 1266 729 du
1280 696 1469 742 Rhin),1‚
1487 701 1563 743 176,

934 753 1009 783 190,
1034 746 1118 782 240,
1139 743 1216 775 288.

883 788 993 833 Lippia
1019 787 1146 821 fluvius
1173 789 1228 831 (la
1244 789 1397 836 Lippe),
1418 790 1454 831 I,
1481 792 1567 831 166,

935 834 1010 873 168,
1035 836 1109 877 176,
1136 835 1218 876 182,
1245 848 1319 879 ¹92·

883 882 1005 913 Lestina
1017 880 1097 912 villa
1114 881 1205 926 regis
1221 882 1290 925 (les
1306 882 1468 916 Estinnes
1481 882 1568 917 dans

930 926 962 959 le
980 925 1156 971 Hainaut),
1176 928 1222 969 II,
1243 928 1328 969 334,
1349 929 1426 973 390.

885 973 1023 1006 Litterae
1041 974 1212 1015 unciales,
1233 974 1286 1015 ΙΙ,
1308 977 1383 1019 173.

885 1020 1043 1060 Lumus,
1063 1033 1123 1053 rex
1139 1021 1377 1062 Wiltzorum,
1395 1022 1514 1067 praelio
1533 1023 1570 1055 in

931 1066 1119 1100 Abodritos
1137 1067 1321 1109 occiditur,
1342 1068 1377 1109 l,
1397 1070 1475 1103 358.

885 1114 1180 1148 Lmnmvfflusmis
1190 1141 1198 1157 ,
1214 1116 1336 1148 Bornae
1349 1114 1448 1148 ducis
1459 1127 1571 1149 avun-

934 1159 1050 1201 culus,
1070 1161 1304 1194 l.iudevvitum
1320 1161 1415 1207 apud
1435 1174 1470 1195 se
1486 1176 1569 1209 pro·

932 1207 1056 1252 fugum
1073 1207 1156 1241 dolo
1174 1208 1339 1242 interficit
1351 1234 1359 1249 ,
1380 1209 1416 1247 Ι,
1436 1209 1515 1242 360.

887 1253 1145 1296 Lmnssvu'rus,
1167 1254 1239 1288 dux
1255 1255 1458 1296 Pannoniae,
1476 1256 1570 1301 apud

934 1300 1182 1334 Hludowicum
1201 1301 1405 1341 Cadolaum,
1422 1304 1571 1336 marchae

933 1347 1570 1394 Forojulieusispraefectum,crudeli-

933 1393 1012 1426 tatis
1037 1406 1199 1428 accusare
1228 1403 1392 1437 conatur,
1417 1396 1453 1436 Ι,
1482 1396 1569 1439 3303

934 1439 1068 1486 aliquot
1082 1442 1295 1475 successibus
1309 1443 1430 1483 elatus,
1450 1454 1570 1488 pacem

934 1487 997 1520 sub
1027 1488 1130 1521 certis
1171 1488 1432 1522 conditionibus
1466 1490 1570 1534 petit,

934 1534 1062 1579 quibus
1074 1535 1220 1580 negatis,
1237 1535 1369 1568 vicinas
1388 1544 1508 1581 gentes
1529 1536 1573 1569 ad

934 1581 1063 1613 bellum
1082 1582 1243 1615 sollicitat
1261 1591 1295 1615 et
1313 1583 1347 1615 in
1369 1590 1483 1628 partes
1496 1594 1573 1616 suas

933 1627 1151 1661 'l'imotianos
1169 1629 1299 1671 trahit,
1333 1629 1422 1670 3343
1458 1641 1477 1662 a
1494 1629 1573 1662 Bal·

933 1673 1034 1707 drico
1049 1700 1058 1716 ‚
1088 1675 1322 1719 Forojuliensi
1344 1675 1433 1709 duce
1447 1701 1456 1718 ,
1476 1678 1573 1721 juxta

935 1721 1092 1753 Dravum
1103 1722 1321 1767 profligatus,
1333 1723 1483 1756 Bornam
1493 1723 1573 1757 Dal·

934 1767 1047 1800 matiae
1079 1768 1205 1801 ducem
1244 1769 1338 1814 apud
1387 1769 1570 1815 Colapiuxn

935 1813 1080 1846 fluvium
1099 1814 1274 1855 devincit,
1295 1815 1379 1854 3343
1413 1824 1446 1848 et
1464 1824 1572 1849 totam

934 1860 1138 1892 Dalmatiam
1179 1868 1310 1901 vastat,
1344 1861 1430 1905 3363
1465 1862 1573 1896 tribus

935 1906 1143 1939 exercitibus
1168 1907 1267 1939 simul
1288 1908 1428 1941 invasus
1443 1934 1452 1948 ‚
1482 1909 1548 1942 338
1563 1935 1572 1950 ,

936 1965 970 1985 se
994 1965 1072 1985 cum
1099 1953 1169 1985 suis
1188 1953 1223 1986 in
1243 1953 1396 1999 quodam
1420 1956 1572 1997 castello,

935 2011 1041 2044 super
1058 2000 1182 2045 juguni
1202 2001 1331 2033 montis
1356 2000 1434 2042 sito,
1461 2002 1574 2035 ronti-

934 2054 1011 2087 net,
1030 2046 1115 2086 3403
1134 2059 1150 2079 a
1170 2047 1361 2080 Fortunato
1376 2048 1572 2092 patriarcha

935 2092 1109 2126 Gradensi
1136 2092 1343 2139 adjuvatur,
1381 2094 1468 2135 3463
1502 2103 1574 2128 tota

935 2140 1010 2184 ejus
1054 2139 1200 2185 regione
1239 2148 1367 2173 vastata
1380 2165 1389 2181 ,
1419 2141 1503 2184 348,
1531 2140 1575 2174 ad

935 2185 1083 2219 Sorabos
1112 2187 1292 2232 confugit,
1322 2187 1411 2229 3523
1440 2195 1473 2221 et
1502 2200 1575 2220 uno

936 2245 978 2265 ex
1015 2232 1162 2266 ducibus
1201 2245 1324 2266 eorum
1367 2234 1550 2267 interfecto
1564 2260 1574 2275 ,

936 2281 1010 2324 ejus
1028 2279 1205 2313 civitatem
1226 2280 1262 2312 in
1287 2279 1458 2313 ditionem
1478 2293 1575 2314 suam

937 2325 1088 2371 redigit,
1109 2326 1291 2372 missisque
1309 2327 1453 2371 legatis,
1471 2339 1507 2360 se
1530 2326 1574 2360 ad

941 2373 1160 2418 imperatoris
1199 2374 1418 2418 praesentiam
1452 2381 1576 2406 ventu·

939 2432 1017 2452 rum
1037 2419 1230 2464 promittit,
1255 2419 1341 2459 3543
1361 2418 1489 2452 relictis
1508 2420 1571 2453 So-

938 2466 1048 2507 rabis,
1072 2465 1115 2499 ad
1135 2465 1340 2499 Dalmatiam
1362 2464 1522 2510 pervenit
1541 2474 1580 2499 et

937 2513 986 2546 ibi
1011 2525 1030 2546 a
1058 2511 1311 2545 Liudemhuslo
1341 2510 1548 2545 interficitur
1566 2537 1577 2555 ‚

938 2559 1018 2592 360.

893 2607 1117 2640 Lmncnms
1129 2603 1185 2636 vel
1198 2603 1417 2638 Lnrrasmn
1427 2630 1436 2646 ‚
1452 2604 1575 2639 Karoli

937 2652 986 2685 M.
1014 2663 1116 2691 uxor,
1133 2650 1168 2692 Ι,
1193 2652 1260 2691 60,
1293 2650 1388 2697 apud
1411 2651 1576 2685 Turonos

936 2698 1097 2738 moritur,
1120 2700 1198 2737 244.

892 2747 1107 2779 Ltumnnol
1126 2767 1136 2784 ,
1167 2741 1339 2777 Desiderii
1372 2744 1575 2791 Langobar·

941 2789 1065 2824 dorum
1075 2789 1169 2835 regis
1180 2789 1263 2831 filia,
1283 2789 1471 2826 Tassilonis
1488 2804 1576 2827 con-
