2105 3348
575 221 624 259 48
999 210 1253 251 EINHARDI
1283 210 1552 251 EPISTOLAE.

575 296 691 343 illud
711 295 838 362 quod
868 291 1110 342 Vitruvius
1136 290 1356 338 nominat
1387 289 1799 355 scenographiam,
1826 292 1975 340 inter-

574 394 685 440 roga
737 371 851 437 quid
896 370 956 415 sit
1007 369 1139 434 quod
1184 368 1409 433 Virgilius
1442 368 1492 413 in
1528 368 1592 414 111
1633 368 1976 435 Georgicorum

577 452 698 499 libro
726 450 796 513 (ι)
820 463 1005 493 scenam
1031 456 1182 493 vocat.
1212 445 1337 492 Dicit
1362 445 1489 492 enim
1518 465 1528 489 :

798 570 804 576 .
836 570 843 577 .
874 569 882 576 .
915 541 1018 589 [Jam
1040 554 1138 576 nune
1158 541 1335 576 solemnes
1355 540 1487 576 ducere
1506 542 1674 588 pompas]

757 601 812 636 Ad
831 600 982 635 delubra
997 600 1118 646 juvat,
1141 611 1318 647 caesosque
1332 598 1453 634 videre
1468 599 1640 645 juvencos
1653 627 1662 641 ,

757 661 827 696 Vel
847 673 951 695 scena
967 667 1009 695 ut
1026 660 1138 695 versis
1157 659 1320 694 discedat
1338 659 1520 694 frontibus
1533 687 1541 701 ‚
1558 665 1672 706 utque

760 721 947 766 Purpurea
966 719 1096 754 intexti
1114 718 1244 754 tollant
1261 718 1362 754 aulea
1380 717 1562 753 Britanni.

1764 772 1871 809 Vale.

946 874 1095 914 XXXI.
1128 877 1193 914 AD
1223 876 1271 914 N.
1305 875 1608 914 EPISCOPUM.

637 987 844 1034 Domino
859 994 1022 1032 sancto
1038 994 1085 1032 et
1095 984 1270 1032 merito
1284 984 1543 1032 venerabili
1555 984 1612 1030 N.
1625 984 1862 1049 episcopo,
1874 983 1985 1030 Ein-

575 1065 743 1113 hardus
765 1064 1103 1128 sempiternam
1126 1063 1175 1109 in
1199 1063 1408 1110 Domino
1435 1063 1650 1110 salutem.
1677 1091 1740 1099 -—
1762 1062 1985 1122 Quamvis

573 1160 648 1189 me
668 1141 875 1187 multum
897 1140 1150 1187 contristet
1176 1139 1307 1203 quod
1334 1150 1404 1196 te,
1428 1139 1744 1186 amantissime
1761 1139 1982 1195 Domine,

574 1237 658 1284 per
686 1219 865 1264 litteras
892 1217 994 1281 (2),
1031 1217 1080 1263 in
1116 1215 1206 1263 hoc
1237 1216 1571 1263 molestissimo
1601 1215 1814 1281 corporis
1842 1216 1986 1263 vestri

574 1294 735 1342 labore
764 1294 975 1358 positum
1001 1291 1165 1350 audio;
1197 1302 1351 1339 tamen
1372 1309 1472 1339 non
1495 1292 1743 1338 minimam
1765 1291 1898 1355 capio
1914 1291 1986 1356 (3)

575 1371 978 1427 consolationem,
1007 1369 1138 1435 quod
1160 1367 1288 1415 hunc
1311 1367 1524 1415 laborem
1546 1368 1634 1414 tibi
1658 1367 1889 1433 proficere
1903 1403 1916 1426 ,
1942 1378 1988 1415 et

574 1449 630 1495 ad
661 1448 994 1513 purgationem
1022 1444 1193 1493 animae
1218 1446 1460 1511 pertinere
1488 1463 1588 1494 non
1615 1450 1805 1512 ignoro.
1837 1445 1989 1492 Credo

575 1527 703 1574 enim
726 1524 853 1590 quod
886 1523 990 1571 ideo
1021 1535 1067 1571 te
1091 1522 1251 1570 divina
1275 1523 1596 1571 misericordia
1621 1524 1802 1571 tamdiu
1825 1523 1874 1570 in
1900 1523 1989 1570 hoc

574 1603 748 1651 morbo
767 1602 1002 1667 corporali
1022 1603 1246 1649 macerari
1265 1603 1528 1667 permittat,
1551 1602 1681 1668 quod
1699 1613 1762 1662 te,
1780 1602 1870 1649 hoc
1890 1619 1990 1649 cor·

573 1701 690 1747 pore
716 1683 1019 1747 migrantem,
1043 1681 1344 1729 emendatum
1364 1683 1578 1747 recipiat.
1602 1682 1669 1729 De
1694 1680 1991 1729 orationibus

575 1777 687 1807 vero
703 1777 792 1823 pro
804 1770 849 1806 te
860 1757 1098 1816 faciendis,
1116 1770 1293 1806 certam
1306 1758 1429 1807 facio
1443 1759 1685 1806 caritatem
1701 1769 1830 1805 tuam
1845 1757 1989 1824 quod,

575 1840 622 1884 in
649 1848 883 1902 quantum
913 1835 1030 1883 mihi
1061 1837 1186 1884 Deus
1210 1838 1330 1884 vires
1360 1847 1407 1885 et
1437 1836 1801 1903 possibilitatem
1824 1853 1991 1886 conce-

574 1915 683 1962 dere
702 1915 921 1980 dignatus
938 1914 1084 1962 fuerit
1100 1915 1192 1979 (4),
1209 1933 1294 1980 per
1311 1933 1406 1974 eos,
1423 1933 1544 1982 quos
1562 1915 1804 1963 auditione
1821 1914 1990 1980 dignos

577 1993 810 2041 aestimare
834 2010 1025 2057 possum
1041 2029 1055 2050 ,
1079 2004 1260 2041 certare
1285 1992 1488 2050 curabo,
1515 1993 1917 2058 quemadmodum
1943 2002 1991 2039 et

578 2081 623 2117 te
647 2088 752 2135 erga
779 2088 932 2117 meam
964 2070 1404 2134 pusillanimitatem
1434 2070 1655 2117 fiduciam
1683 2070 1856 2117 habere
1879 2087 1992 2134 cog-

577 2163 740 2194 nosco.
767 2147 836 2194 De
859 2146 1176 2211 recuperanda
1201 2148 1417 2211 corporis
1440 2147 1587 2193 salute
1612 2147 1722 2194 licet
1743 2164 1990 2211 nunquam

576 2224 636 2268 sit
654 2223 996 2288 desperandum
1013 2258 1028 2280 ,
1052 2223 1161 2287 quia
1185 2232 1354 2287 potens
1373 2233 1441 2270 est
1460 2223 1583 2270 Deus
1601 2223 1658 2270 de
1680 2232 1893 2271 creatura
1911 2240 1991 2269 sua

577 2301 728 2348 facere
761 2301 994 2366 quidquid
1028 2300 1262 2360 voluerit,
1297 2311 1455 2348 tamen
1495 2301 1662 2349 melius
1694 2312 1763 2349 est
1799 2301 1992 2348 unicui-

627 2477 676 2522 (1)
702 2476 795 2511 Cod.
816 2477 940 2511 libros.

623 2536 672 2581 (9.)
698 2535 782 2570 Haec
804 2547 870 2570 vox
896 2536 935 2570 in
961 2535 1069 2570 editis
1092 2534 1333 2580 desideratur,
1357 2542 1393 2571 et
1418 2535 1580 2583 reliquus
1604 2536 1721 2580 locus,
1749 2537 1992 2584 interpunctis

577 2594 669 2629 male
688 2593 900 2637 distinctus,
922 2594 1080 2642 intelligi
1099 2607 1172 2629 non
1191 2601 1322 2641 potest.

623 2652 674 2699 (5)
700 2653 792 2689 Cod.
814 2655 935 2700 capia,⁴
954 2653 1042 2689 edit.
1062 2666 1204 2700 capere.

625 2714 673 2754 (4)
699 2712 789 2746 Οο(Ι.
814 2712 990 2759 dignatus
1010 2713 1232 2758 sumsuerit.
