2105 3348
603 280 679 314 ‘212
904 274 1141 312 llls'i'ORlA
1173 272 1592 319 TRANSLATIONIS,
1626 288 1699 312 Fxre.

606 356 756 400 cordis
780 364 1013 416 tantaeque
1036 352 1369 399 obstinationis
1394 363 1488 407 est,
1517 362 1568 397 ut
1601 362 1669 398 tot
1704 354 2006 400 revelationi—-

610 432 691 476 bus·
713 448 807 476 non
834 429 1016 485 credat,
1045 448 1096 475 ac
1118 440 1191 476 tot
1211 430 1390 476 monita
1408 464 1419 483 ‚
1446 429 1502 474 ad
1522 447 1568 475 se
1587 430 1813 476 divinitus
1838 432 1971 476 missa
1992 466 2003 484 ‚

605 508 860 553 arbitretur
879 524 974 553 esse
994 506 1378 555 contemnenda?
1395 507 1521 554 Vade
1538 518 1584 553 et
1603 507 1677 553 die
1695 509 1754 564 ei,
1770 514 1879 573 quia
1898 509 2004 564 1100,

605 586 729 649 qnod
758 583 878 631 beati
913 586 1145 650 Martyres
1178 585 1234 632 de
1270 586 1362 631 suis
1389 584 1671 648 corporibus
1697 584 1796 630 fieri
1823 584 2009 631 deside—

607 671 735 716 rant,
779 660 1006 707 infectum
1044 679 1287 707 remanere
1314 679 1412 707 non
1439 662 1632 724 poterit.
1671 660 1894 720 Quamvis
1930 660 2008 707 ille.

605 738 828 783 hactenus
847 738 1139 784 voluntatem
1157 755 1320 783 eorum
1339 739 1384 783 in
1401 738 1482 783 hac
1500 756 1550 783 re
1565 737 1716 783 facere
1733 736 2007 794 distulisset,

604 815 901 869 etiamnunc,
918 815 953 859 si
974 832 1072 861 non
1090 815 1201 861 velit
1212 826 1264 860 ut
1280 815 1415 878 liujus
1427 814 1534 860 facti
1554 815 1777 861 meritum
1792 815 1847 860 ad
1866 814 2011 860 alium

607 899 834 946 transeat,
863 891 1051 939 festinet
1087 910 1249 939 eorum
1288 892 1544 956 adimplere
1573 893 1859 955 jussionenu
1887 903 1932 938 et
1957 891 2013 936 ad

606 969 762 1015 locum
778 1005 790 1025 ,
820 987 958 1034 quem
988 970 1070 1033 ipsi
1099 970 1369 1034 elegerunt,
1397 989 1595 1035 corpora
1624 971 1814 1016 illorum
1845 971 2014 1034 depor-

607 1058 702 1092 tare
726 1064 823 1091 non
853 1048 1072 1111 negligat.
1097 1068 1117 1090 »

673 1434 748 1478 48.
778 1431 888 1476 Post
937 1430 1015 1476 has
1052 1431 1256 1495 aliasque
1286 1430 1589 1476 multimodas
1621 1430 1674 1475 ad
1708 1447 1780 1476 me
1817 1430 2015 1493 perlatas

608 1509 979 1564 admonitiones,
1001 1509 1152 1554 visum
1172 1520 1240 1554 est
1255 1507 1371 1553 mihi
1395 1508 1522 1553 illam
1540 1525 1782 1553 sacrorum
1802 1509 2016 1554 cinerum

612 1585 969 1631 translationem
978 1603 1076 1631 non
1091 1602 1185 1631 esse
1198 1585 1376 1631 diutius
1386 1584 1710 1640 differemlaln3
1733 1601 1784 1629 ac
1795 1584 2015 1648 proinde,

615 1663 735 1709 inito
775 1663 1003 1717 coneilio,
1048 1662 1362 1718 decrevimus,
1405 1674 1456 1707 ut
1496 1663 1566 1718 id,
1606 1673 1787 1726 quanto
1824 1661 2019 1708 celerius

611 1739 712 1786 >fieri
734 1741 989 1803 potuisset,
1017 1740 1242 1804 perficere
1269 1751 1571 1786 certaremus.
1596 1739 1744 1802 Igitur
1768 1737 1990 1785 omnibus
2004 1773 2017 1793 ,

614 1834 722 1880 quae
747 1817 802 1862 ad
828 1817 946 1863 hanc
965 1817 1288 1864 devectionem
1312 1816 1565 1862 necessaria
1586 1815 1894 1872 videbantur,
1915 1833 2021 1880 rap-

616 1893 701 1937 tim
734 1903 780 1938 et
817 1910 925 1938 cum
959 1910 1145 1939 summo
1185 1892 1340 1940 studio
1372 1892 1669 1956 praeparatis,
1709 1893 1860 1956 prima
1896 1891 2019 1942 luce,

616 1981 721 2032 post
744 1969 1036 2033 completum
1054 1970 1343 2016 matutinum
1367 1969 1573 2016 officium
1591 2004 1604 2025 ,
1627 1986 1809 2015 sacrum
1828 1968 1962 2014 illum
1976 1979 2022 2014 et

617 2047 995 2093 inaestimabilem
1019 2048 1309 2103 thesaurum,
1340 2065 1448 2093 cum
1473 2048 1652 2112 ingenti
1677 2047 1809 2093 luctu
1831 2065 1883 2093 ac
1901 2064 2023 2093 moe-

619 2142 728 2171 rore
749 2125 942 2171 illorum
960 2127 1041 2190 qui
1065 2126 1112 2172 in
1136 2126 1241 2172 loco
1261 2136 1394 2172 erant
1415 2126 1702 2181 remansuri,
1730 2125 2022 2183 sustulimus,

620 2212 759 2265 atque
791 2202 880 2248 iter
907 2202 1100 2266 ingressi
1137 2213 1329 2266 portare
1353 2202 1612 2265 coepimus,
1653 2202 1909 2249 comitante
1938 2218 2026 2248 nos

624 2295 881 2341 pauperum
905 2278 1062 2335 turba,
1074 2296 1183 2344 quae
1198 2279 1278 2327 illo
1291 2297 1375 2344 per
1395 2297 1473 2326 eos
1489 2279 1584 2326 dies
1601 2278 1663 2325 ob
1679 2279 2026 2343 eleemosynam

620 2355 939 2418 accipiendam
958 2355 1288 2421 undecumque
1306 2356 1600 2404 confluxerat
1623 2377 1631 2402 :
1657 2374 1763 2402 nam
1786 2356 1908 2402 circa
1932 2372 2026 2401 ma-

622 2443 785 2479 nentes
809 2433 999 2497 populi,
1025 2434 1139 2498 quid
1153 2434 1276 2498 apud
1301 2451 1386 2481 nos
1408 2444 1649 2498 ageretur,
1680 2434 1865 2497 penitus
1888 2434 2025 2498 igno-

622 2508 806 2555 rabant.
844 2499 958 2556 Erat
980 2511 1158 2558 eoelum
1183 2529 1323 2575 grave
1354 2511 1553 2558 sordidis
1583 2510 1815 2567 nubibus,
1847 2522 1893 2558 et
1918 2527 2024 2576 quae

626 2588 671 2633 in
702 2588 940 2652 ingentem
966 2589 1172 2653 pluviam
1196 2590 1292 2636 cito
1321 2589 1490 2637 resolvi
1519 2600 1709 2654 possent
1726 2625 1739 2646 ‚
1767 2590 1855 2635 nisi
1882 2589 1928 2635 id
1950 2588 2028 2636 di-

627 2666 731 2711 vina
746 2667 895 2713 virtus
916 2667 1014 2713 fieri
1035 2665 1313 2732 prohiberet
1331 2688 1341 2712 :
1364 2685 1472 2713 nam
1492 2678 1588 2714 tota
1607 2678 1749 2714 nocte
1769 2667 1844 2713 illa
1863 2668 1909 2713 in
1929 2677 2027 2712 tan-

627 2752 725 2788 tum
747 2778 759 2800 ,
787 2743 885 2789 sine
914 2744 1286 2798 intermissione,
1317 2744 1530 2807 pluebat,
1560 2755 1612 2789 ut
1637 2743 1774 2792 nobis
1800 2745 1889 2790 iter
1911 2742 2025 2789 illud
