2105 3348
563 276 614 314 :34
992 272 1245 310 EINIIARDI
1277 272 1544 311 EPISTOLAE.

562 352 775 419 partibus
800 351 1048 406 habemus,
1078 350 1334 397 secundum
1362 350 1711 397 ordinationem
1736 360 1782 396 et
1806 351 1969 413 jussio-

564 449 672 478 nem
692 428 854 476 domni
879 428 1195 492 imperatoris,
1216 427 1270 474 ad
1291 427 1551 475 custodiam
1567 429 1853 474 maritimam
1872 428 1969 475 fue-

562 518 676 554 runt
698 523 797 553 non
819 505 974 552 solum
994 522 1049 553 eo
1068 515 1281 570 tempore
1299 541 1309 561 ‚
1332 505 1521 570 quando
1542 505 1620 551 ille
1638 506 1791 569 (ι>....
1819 506 1970 553 oriam

561 583 801 648 profectus
824 590 920 638 est,
951 581 1029 629 sed
1055 583 1194 630 etiam
1218 582 1409 648 quando
1433 581 1710 628 Aurelianos
1739 582 1965 647 perrexit.

561 663 623 707 Et
647 659 752 706 ideo
776 675 875 706 non
897 658 1086 706 videtur
1116 658 1232 706 mihi
1252 662 1432 724 justum
1458 677 1552 706 esse
1579 669 1633 705 ut
1653 659 1972 706 heribannum

561 738 740 784 solvere
762 735 988 790 debeant,
1010 737 1092 802 qui
1113 754 1214 784 non
1237 735 1380 783 aliubi
1407 736 1604 783 fuerunt
1618 772 1630 793 ,
1660 737 1746 781 nisi
1772 735 1854 781 ubi
1876 738 1971 800 ipse

562 816 820 879 imperator
842 816 1088 879 praecepit.
1118 816 1180 861 Et
1205 815 1308 862 idco
1328 833 1498 879 precor
1516 815 1820 861 dilectionem
1846 825 1971 861 tuam

562 904 615 939 ut
631 892 769 940 nobis
786 894 991 957 spatium
1010 892 1119 939 inde
1137 893 1301 950 dones,
1323 894 1474 940 donec
1493 894 1696 940 domnus
1717 893 1972 955 imperator

561 971 773 1026 venerit,
809 980 856 1017 et
879 987 967 1017 nos
999 970 1135 1017 illum
1164 970 1523 1018 admonebimus
1551 970 1608 1018 de
1630 971 1839 1035 jussione
1863 987 1969 1026 sua,

562 1060 609 1096 et
630 1049 707 1095 ille
728 1059 842 1095 tunc
865 1049 1145 1114 praeceperit
1173 1049 1377 1114 qualiter
1405 1049 1471 1095 illi
1497 1048 1744 1113 placuerit.
1772 1048 1898 1112 Opto
1921 1056 1973 1092 ut

562 1143 745 1191 semper
767 1126 888 1174 bene
912 1126 1101 1174 valeatis
1125 1127 1176 1173 in
1198 1127 1426 1175 Domino.

842 1282 995 1321 XXIII.
1027 1284 1092 1321 AD
1123 1281 1503 1321 VICEDOMINUM
1532 1283 1692 1321 SUUM.

626 1391 680 1435 ln
714 1387 890 1434 Christi
929 1386 1153 1443 nomine,
1194 1385 1336 1432 abbas
1372 1385 1640 1432 Einhardus
1677 1385 1975 1432 vicedomino

560 1476 609 1515 et
641 1465 765 1513 fideli
801 1475 969 1513 nostro
1000 1464 1215 1511 salutem.
1243 1493 1308 1500 —
1326 1464 1510 1511 Notum
1536 1464 1597 1510 sit
1622 1464 1731 1528 quia
1757 1463 1976 1509 volumus

561 1554 615 1591 ut
644 1542 860 1590 homines
892 1542 1075 1607 aliquos
1109 1542 1268 1588 mittas
1299 1541 1356 1588 ad
1380 1541 1566 1606 Aquas,
1600 1542 1682 1606 qui
1708 1540 1976 1587 mansiones

562 1630 748 1668 nostras
771 1618 1024 1666 emendent
1042 1628 1182 1683 atque
1204 1628 1496 1674 restaurent,
1525 1628 1571 1664 et
1594 1635 1644 1664 ea
1659 1653 1671 1674 ‚
1703 1634 1810 1682 quae
1836 1615 1975 1664 nobis

563 1697 631 1744 ibi
674 1696 929 1744 necessaria
971 1705 1082 1742 sunt
1119 1695 1176 1741 ad
1218 1694 1514 1752 habendum,
1560 1694 1604 1742 id
1646 1705 1714 1742 est
1743 1695 1944 1741 farinam
1960 1729 1973 1749 ‚

563 1773 774 1831 bracem,
793 1773 977 1831 vinum,
1001 1773 1279 1831 formatem,
1306 1783 1352 1820 et
1372 1783 1539 1820 caetera
1551 1808 1565 1831 ,
1590 1773 1849 1819 secundum
1867 1789 1978 1818 con-

565 1851 889 1911 suetudinem,
920 1863 1135 1916 tempore
1172 1862 1449 1916 opportuno
1484 1851 1595 1898 illuc
1631 1852 1791 1899 venire
1817 1851 1972 1897 facias.

564 1931 714 1978 Boves
737 1947 868 1987 vero,
897 1930 979 1995 qui
1007 1929 1253 1977 occidendi
1281 1941 1393 1976 sunt
1407 1966 1420 1987 ,
1446 1930 1664 1976 volumus
1686 1940 1741 1975 ut
1762 1929 1902 1975 facias
1921 1927 1978 1974 ad

564 2007 854 2053 Ludinacam
872 2007 1034 2054 venire
1050 2043 1063 2064 ‚
1091 2016 1138 2054 et
1161 2006 1226 2052 ibi
1245 2006 1459 2055 occidere
1483 2027 1492 2052 :
1514 2024 1665 2053 unum
1684 2024 1740 2053 ex
1757 2005 1829 2052 his
1852 2006 1979 2052 volu-

565 2102 670 2130 mus
694 2094 750 2129 ut
772 2083 870 2129 dari
896 2083 1036 2130 facias
1059 2083 1384 2148 Hruotlouge‚
1408 2095 1454 2130 et
1474 2083 1550 2129 illa
1571 2082 1817 2129 minutalia
1837 2092 1977 2146 atque

564 2162 804 2208 interanea
830 2160 902 2224 (2)
918 2196 931 2218 ‚
949 2177 1056 2226 quae
1075 2160 1132 2207 ad
1152 2171 1373 2209 nostrum
1400 2179 1519 2225 opus
1541 2161 1713 2208 servari
1737 2178 1837 2208 non
1862 2178 1977 2225 pos-

609 2332 620 2376 (
629 2331 659 2376 1)
685 2331 755 2365 Hic
769 2337 870 2365 vacat
887 2331 925 2365 in
939 2330 1064 2366 codice
1079 2332 1237 2379 spatium
1251 2339 1388 2380 septem
1404 2332 1550 2368 circiter
1563 2332 1768 2368 litterarum
1783 2345 1861 2380 quae
1874 2336 1978 2381 peni-

562 2397 621 2425 tus
640 2402 747 2425 erasae
766 2397 863 2425 sunt.
883 2389 1049 2437 Alicujus
1073 2392 1228 2427 civitatis
1251 2392 1306 2427 vel
1330 2393 1490 2439 regionis
1515 2404 1670 2437 nomen,
1699 2393 1737 2428 in
1756 2394 1821 2428 has
1839 2394 1977 2430 litteras

561 2452 677 2485 oriam
694 2449 881 2493 desinens,
906 2450 1041 2485 frustra
1060 2451 1302 2498 quaesivimus.
1325 2452 1419 2486 Cum
1438 2458 1559 2487 autem
1580 2452 1655 2486 haec
1674 2452 1826 2500 epistola
1845 2454 1977 2501 scripta

559 2508 665 2544 nobis
690 2508 870 2552 videatur,
903 2521 999 2544 anno
1025 2509 1114 2554 832,
1144 2517 1309 2558 tempore
1332 2523 1405 2558 quo
1424 2511 1646 2556 Ludovicus⁷
1677 2513 1910 2560 expeditione
1939 2515 1977 2548 in

561 2567 677 2603 filium
697 2580 803 2602 suum
823 2568 994 2614 Bajoziriae
1009 2581 1134 2616 regem
1153 2570 1328 2613 confecta,
1348 2571 1579 2615 Aurelianos,
1599 2579 1819 2607 conventum
1838 2573 1974 2608 ibidem

560 2626 765 2670 habiturus,
783 2627 956 2674 perrexit,
978 2639 1113 2674 ponere
1126 2629 1178 2663 fas
1197 2635 1251 2664 est
1264 2630 1497 2677 exscriptoris
1515 2630 1684 2665 mendam
1698 2631 1759 2667 hic
1774 2632 1973 2679 irrepsisse

561 2691 598 2720 et
615 2686 665 2720 sic
683 2685 803 2721 locum
822 2697 898 2720 esse
918 2687 1187 2722 restituendum
1205 2702 1238 2733 q.
1260 2690 1280 2722 ι’.
1303 2691 1339 2723 in
1363 2689 1571 2735 Bajoare'am
1590 2703 1625 2735 p.

607 2744 657 2789 (2)
682 2744 775 2780 Cod.
795 2746 965 2780 iter-anta.
