2105 3348
650 266 726 305 240
939 261 1178 299 HISTORIA
1209 259 1623 307 TRANSLATIONIS,
1654 275 1732 301 Ere.

647 364 697 391 ac
719 344 922 390 Domino
940 341 1129 388 Christo
1153 339 1335 386 laudem
1353 339 1616 386 dicentibus
1641 341 1925 405 populorum
1941 351 2036 386 tur-

647 422 745 476 bis,
778 419 834 464 ab
868 417 1071 482 Aquensi
1110 417 1280 480 palatio
1320 433 1460 480 usque
1494 415 1549 462 ad
1581 427 1892 465 memoratum
1923 417 2036 462 Mu-

647 495 839 542 linhcim
876 495 1057 549 vicum,
1092 494 1298 540 Domino
1335 495 1423 540 iter
1455 503 1672 539 nostrum
1701 505 2032 557 prosperante,

645 573 959 637 pei-venimus.
1007 571 1163 636 Atque
1208 570 1272 617 ibi
1308 571 1406 617 illas
1452 571 1668 635 reliquias
1706 589 1844 634 super
1878 571 2034 624 altari,

646 666 769 713 pone
789 647 917 712 quod
940 647 1119 694 loculus
1139 664 1289 694 sacros
1309 647 1575 712 Martyrum
1595 647 1772 693 cineres
1790 647 2037 694 continens

646 728 825 790 positus
849 736 947 773 erat
961 761 973 782 ,
999 737 1224 790 gemmata
1243 743 1375 788 capsa
1394 725 1657 772 reconditas
1678 725 2035 781 collocavimus;

645 804 935 867 fueruntque
960 801 1024 848 ibi
1049 804 1114 848 sic
1137 803 1300 866 positae
1319 839 1329 858 ‚
1353 798 1498 866 usque
1519 802 1630 848 dum
1659 819 1744 848 1105
1770 819 1928 848 11101150
1948 819 2040 849 110-

647 881 862 927 vembrio
888 879 942 926 ad
979 880 1201 943 palatium
1228 881 1294 927 ire
1324 889 1564 944 parantes,
1595 897 1678 942 per
1707 879 2041 926 revelationem

647 957 873 1004 admoniti
894 974 1076 1012 sumus,
1100 974 1158 1003 ne
1176 957 1305 1020 prius
1319 956 1375 1002 de
1396 956 1476 1002 1110
1494 957 1600 1003 1000
1617 955 2037 1020 proficisceremur,

647 1052 786 1099 quam
811 1052 881 1079 eas
903 1034 1111 1096 corpori,
1136 1033 1192 1080 de
1211 1051 1306 1098 quo
1332 1044 1530 1097 sumptae
1551 1044 1710 1090 erant,
1738 1036 2043 1096 conjungere-

647 1130 767 1157 mus.
811 1111 1021 1171 Qualiter
1056 1121 1211 1156 autem
1241 1111 1495 1157 revelatum
1527 1110 1695 1166 fuerit,
1725 1120 1777 1155 ut
1815 1110 1903 1156 hoc
1940 1109 2038 1156 fieri

646 1188 858 1243 deberet,
881 1205 977 1233 non
1003 1198 1071 1234 est
1091 1188 1279 1234 silentio
1309 1187 1644 1233 transeundum
1668 1206 1680 1243 ;
1710 1188 1818 1251 quia
1844 1204 1942 1233 non
1965 1204 2042 1233 so-

646 1265 745 1310 lum
768 1264 979 1319 somnio,
1012 1275 1062 1309 ut
1099 1263 1199 1310 fieri
1228 1265 1372 1320 solet,
1405 1264 1483 1310 sed
1507 1265 1645 1311 etiam
1670 1264 1810 1327 signis
1846 1263 2039 1328 quibus—

644 1340 812 1387 damac
828 1341 1107 1397 terroribus,
1126 1341 1181 1387 ad
1194 1341 1487 1405 vigilantium
1499 1358 1656 1387 curam
1673 1339 2036 1405 pertinentibus,

647 1429 886 1465 ostensum
922 1429 1016 1475 est,
1065 1418 1224 1465 beatos
1260 1419 1492 1483 Martyres
1524 1419 1808 1465 omnimodis
1843 1418 2040 1466 voluisse

647 1508 700 1542 ut
726 1497 774 1543 in
795 1499 879 1543 hac
898 1497 1107 1560 rejussio
1129 1497 1321 1545 illorum
1345 1497 1508 1544 fuisset
1527 1496 1792 1560 adimpleta.

710 1896 786 1940 32.
825 1893 941 1937 Erat
964 1909 1084 1937 unus
1107 1892 1163 1937 de
1186 1891 1389 1947 clericis,
1417 1893 1497 1956 qui
1523 1891 1578 1937 ad
1600 1890 1816 1938 excubias
1840 1891 2042 1938 basilicae

644 1971 851 2034 deputati
870 1970 1086 2025 fuerunt,
1117 1969 1312 2017 nomine
1331 1968 1656 2032 Landolphus,
1684 1969 1758 2015 cui
1785 1979 1897 2015 tunc
1920 1969 2039 2032 signi

646 2046 864 2111 tangendi
887 2063 995 2091 cura
1021 2046 1264 2091 commissa
1283 2045 1459 2103 fuerat,
1486 2043 1660 2091 habens
1683 2055 1882 2091 stratum
1904 2062 2040 2090 suum

639 2126 769 2186 juxta
794 2123 1039 2169 australem
1058 2122 1261 2168 basilicae
1275 2125 1483 2186 januam.
1513 2122 1602 2182 Qui
1631 2140 1755 2178 cum,
1783 2122 2039 2169 secundum

645 2201 1032 2247 consuetudinem
1046 2200 1271 2246 nocturni
1287 2217 1338 2245 ac
1352 2199 1640 2246 matutinalis
1659 2199 1795 2246 officii
1811 2235 1824 2255 ,
1840 2199 2037 2246 solemni

646 2295 777 2324 more
821 2287 1054 2341 surgeret,
1108 2277 1386 2341 signumque
1430 2287 1667 2332 moveret,
1710 2277 2040 2341 completoque

644 2363 751 2400 ante
795 2353 947 2399 lucem
980 2353 1143 2400 eodem
1184 2353 1364 2409 officio,
1403 2371 1591 2399 rursum
1625 2353 1832 2400 dormire
1872 2354 2034 2413 vellet,

644 2432 805 2478 clausis
829 2431 1032 2478 ecclesiae
1062 2430 1273 2490 foribus,
1300 2448 1457 2477 coram
1485 2432 1653 2478 sanctis
1678 2432 1943 2496 Martyrum
1968 2433 2038 2478 ci-

643 2507 832 2555 neribus
852 2500 1143 2572 s'upplicandi
1169 2509 1314 2573 gratia
1340 2527 1386 2555 se
1410 2511 1682 2573 prostravit.
1707 2508 1775 2556 Ibi
1797 2527 1904 2555 cum
1921 2509 2039 2573 psal-

642 2603 771 2632 mum
791 2586 1258 2650 quinquagesimum,
1285 2596 1336 2632 ut
1352 2591 1445 2650 ipse
1467 2587 1643 2644 asserit,
1679 2587 1833 2634 dicere
1853 2587 2036 2651 incipe-

642 2672 739 2718 ret,
757 2661 1073 2724 audivitjuxta
1091 2679 1136 2708 se
1155 2662 1200 2708 in
1221 2664 1486 2725 pavimento
1498 2664 1627 2709 velut
1639 2664 1848 2710 sonitum
1864 2663 2036 2727 pedum

644 2739 864 2794 hominis,
881 2739 968 2784 huc
980 2749 1120 2804 atque
1134 2740 1242 2786 illuc
1256 2739 1427 2787 ibidem
1443 2740 1800 2786 deambulantis.
1817 2740 2036 2788 Conster-
