2105 3348
556 230 605 265 72
973 221 1227 260 EINHARDI
1257 220 1529 260 EPISTOLAE.

551 307 798 354 dominum
823 319 997 358 meum,
1025 318 1134 347 cum
1156 300 1211 347 ad
1230 300 1364 346 illum
1385 300 1628 359 veneritis,
1644 317 1863 348 excusare
1878 302 1956 348 di-

550 382 758 448 gnemini
770 381 826 427 de
837 396 892 426 eo
905 377 1033 443 quod
1045 377 1102 424 ad
1115 394 1197 425 vos
1212 394 1311 425 non
1325 377 1451 424 veni.
1470 378 1591 424 Deus
1607 378 1735 425 testis
1747 389 1816 426 est
1828 378 1956 443 quod

549 461 606 508 de
628 456 893 505 valetudine
916 472 1016 502 mea
1037 456 1108 518 (ι)
1131 455 1311 501 nullam
1327 454 1580 502 falsitatem
1600 454 1734 501 vobis
1751 456 1913 519 scripsi
1943 476 1953 501 :

550 547 596 584 et
630 553 727 581 non
765 533 919 580 solum
951 532 1071 592 hoo,
1109 532 1188 579 sed
1220 533 1361 579 etiam
1389 531 1518 598 quod
1550 532 1705 579 multo
1739 533 1956 597 graviora

548 622 658 659 sunt
678 611 762 657 alia
787 609 1004 676 quaedam
1030 610 1348 666 incommoda,
1371 627 1478 675 quae
1504 610 1663 673 patior
1683 609 1732 655 in
1756 620 1956 657 memet-

548 693 666 754 ipso,
699 688 755 736 de
779 687 970 754 quibus,
998 688 1087 734 nisi
1114 705 1223 734 cum
1248 687 1537 746 fidelissimo,
1559 688 1742 734 nullam
1765 705 1958 752 possum

546 767 716 815 habere
741 767 1051 814 locutionem.
1078 766 1179 813 Hoc
1199 776 1356 813 tamen
1383 766 1550 813 scitote
1577 765 1706 831 quod
1729 767 1958 829 majorem

546 844 679 892 vobis
697 863 855 894 coram
879 845 978 891 Deo
996 844 1258 891 mercedem
1280 844 1327 890 in
1352 844 1573 907 praesenti
1592 844 1835 908 acquirere
1856 860 1955 890 non

543 923 765 986 potestis,
785 939 927 986 quam
947 922 982 966 si
1004 920 1250 968 effeceritis
1269 932 1322 967 ut
1340 919 1455 967 mihi
1473 920 1611 967 liceat
1628 920 1685 966 ad
1708 920 1957 966 servitium

543 1012 818 1047 sanctorum
840 999 1014 1047 Christi
1038 1001 1305 1064 Martyrum
1322 1035 1335 1056 ,
1364 1017 1472 1045 cum
1497 1000 1708 1063 primum
1735 999 1955 1054 valuero,

541 1076 783 1123 festinare.
812 1077 1010 1123 Possum
1037 1076 1167 1122 enim
1199 1075 1311 1122 illuc
1339 1076 1386 1121 in
1413 1075 1687 1140 quindecim
1706 1074 1872 1122 dicbus
1901 1075 1958 1121 de

543 1155 717 1201 Sancto
752 1154 812 1201 N.
845 1153 1112 1218 navigando
1149 1153 1416 1217 pervenire.
1457 1154 1504 1199 Si
1547 1171 1621 1200 me
1658 1152 1956 1200 imbecillitas

543 1233 757 1297 corporis
786 1249 886 1279 non
919 1229 1196 1294 impediret,
1232 1248 1333 1277 non
1364 1229 1444 1276 has
1477 1230 1655 1277 litteras
1686 1230 1951 1286 mitterem,

543 1309 620 1356 sed
642 1310 797 1374 potius
822 1311 918 1374 ipse
941 1308 1178 1366 venirem,
1201 1319 1248 1356 et
1272 1309 1321 1356 in
1345 1307 1417 1356 his
1438 1326 1546 1374 quae
1569 1309 1692 1373 apud
1710 1325 1792 1356 vos
1810 1325 1957 1372 agun-

543 1398 623 1433 tur
645 1387 783 1434 simul
806 1387 1052 1435 vobiscum
1074 1405 1237 1435 essem.

1018 1620 1124 1660 XLI.
1156 1621 1222 1659 AD
1254 1620 1480 1659 AMICUM.

610 1725 768 1783 Nunc,
788 1727 837 1772 in
852 1728 1035 1791 magnis
1052 1726 1280 1791 angustiis
1295 1728 1494 1791 positUS‚
1511 1742 1600 1773 oro
1613 1724 1958 1790 benignitatem

545 1813 765 1860 vestram,
786 1813 842 1849 ut
864 1803 987 1867 apud
1005 1804 1270 1868 piissimum
1285 1804 1535 1851 dominum
1556 1813 1604 1850 et
1620 1803 1955 1867 imperatorem

544 1890 765 1927 nostrum
799 1896 888 1944 pro
925 1897 1000 1927 me
1034 1881 1325 1928 intercedere
1355 1880 1637 1945 dignemini.
1672 1880 1792 1926 Nam
1819 1881 1960 1944 jussit

544 1956 662 2002 mihi
689 1957 759 2020 (2)
784 1957 971 2022 regina,
997 1959 1189 2022 quando
1212 1958 1269 2006 de
1295 1957 1444 2023 Aquis
1467 1975 1646 2023 egressa
1670 1969 1756 2015 est,
1778 1957 1861 2022 qui
1893 1959 1960 2004 si·-

546 2034 647 2095 mul
667 2052 775 2081 cum
792 2052 841 2082 ea
861 2035 929 2082 ire
952 2053 1052 2082 non
1077 2046 1310 2100 poteram,
1330 2047 1440 2100 post
1461 2054 1510 2083 se
1532 2036 1589 2083 ad
1610 2034 1959 2100 Compendium

547 2112 726 2158 venire.
767 2112 911 2176 Cujus
948 2114 1200 2177 praeceptis
1235 2113 1570 2177 obtemperans
1585 2149 1597 2169 ‚
1635 2130 1744 2159 cum
1789 2129 1957 2176 magna

549 2187 838 2245 difficultate,
865 2189 943 2235 vix
963 2189 1012 2236 in
1038 2189 1200 2237 decem
1225 2190 1408 2248 diebus,
1436 2190 1543 2237 veni
1563 2190 1620 2236 ad
1635 2189 1954 2236 Valentianas.

550 2265 684 2323 Inde,
707 2267 789 2330 qui
810 2269 909 2329 jam
927 2268 1000 2331 (3)
1025 2269 1234 2332 equitare
1258 2286 1358 2315 non
1381 2269 1533 2328 valui,
1555 2285 1704 2332 usque
1727 2266 1784 2313 ad
1807 2268 1959 2313 Sanc-

553 2353 656 2389 tum
687 2342 748 2389 N.
775 2344 1004 2408 navigavi.
1025 2345 1143 2391 Nam
1163 2355 1209 2392 et
1233 2346 1378 2392 nimia
1402 2346 1581 2393 ventris
1605 2344 1782 2392 solutio
1808 2355 1856 2391 et
1879 2360 1961 2390 re-

550 2421 687 2466 nium
720 2417 873 2466 dolor
894 2422 959 2467 sic
989 2422 1038 2467 in
1071 2440 1146 2470 me
1170 2423 1449 2471 alternando
1481 2423 1569 2469 sibi
1593 2422 1878 2479 succedunt,
1904 2431 1959 2467 ut

595 2606 646 2648 (1)
670 2602 760 2638 Cod.
781 2615 882 2637 mele.

595 2664 645 2706 (¹2)
670 2662 760 2697 Cod.
785 2665 864 2696 mei.

596 2721 645 2765 ί’3)
671 2722 728 2756 Sic
747 2721 874 2756 codex.
898 2721 984 2755 edu.
1005 2725 1101 2765 qma
