2105 3348
512 367 588 403 2120
950 354 1201 392 Emi—mam
1239 353 1470 393 CHARTAE.

510 443 681 489 tissima
709 433 983 490 concordat,
1006 444 1057 478 ut
1082 450 1431 497 quemcumque
1455 449 1607 479 sacros
1626 433 1683 479 ad
1706 434 1911 490 ordines,

508 540 560 568 ex
601 515 774 563 familia
819 512 1034 576 propria,
1079 510 1458 574 promovendum
1493 510 1682 558 ecclesia
1716 529 1915 576 quaeque

506 592 755 657 delegerit,
786 589 911 635 hunc
930 589 977 633 in
997 587 1246 651 praesentia
1268 587 1580 643 sacerdotum,
1612 599 1915 635 caeterorum-

506 687 597 735 que
627 668 910 714 clericorum
935 664 1160 711 canonice
1181 664 1452 727 degentium
1471 699 1484 720 ‚
1509 664 1742 728 simulque
1761 675 1808 710 et
1825 682 1916 711 no-

506 749 672 794 bilium
694 745 947 797 laicorum,
978 742 1043 800 is,
1070 741 1179 805 qui,
1216 751 1330 786 tunc
1355 741 1582 804 temporis
1609 740 1814 804 ejusdem
1836 759 1917 788 ec-

507 825 657 872 clesiae
695 831 854 868 rector
897 819 1070 874 fuerit,
1107 817 1475 865 manumissione
1511 818 1709 864 solemni
1748 836 1772 864 a
1801 820 1916 883 jugo

506 898 743 948 servitutis
761 895 999 952 absolvat,
1028 897 1218 958 ejusque
1241 892 1508 941 libertatem
1532 894 1686 939 datam
1713 894 1809 950 illi,
1832 913 1916 943 co·-

509 995 607 1024 ram
643 974 869 1030 testibus,
906 972 1209 1036 ingenuitatis
1235 970 1391 1017 charta
1431 970 1701 1018 confirmet.
1736 971 1915 1019 Idcirco

507 1071 592 1119 ego
617 1055 666 1099 in
690 1052 774 1098 Dei
795 1049 990 1098 nomine
1014 1048 1277 1094 Einhardus
1293 1047 1434 1094 abbas
1453 1048 1732 1095 venerabilis
1751 1066 1917 1095 mona-

506 1131 635 1179 sterii
660 1129 819 1175 Sancti
844 1126 1045 1174 Servacii
1071 1125 1352 1172 confessoris
1377 1127 1580 1183 Christi,
1610 1126 1736 1173 hunc
1760 1128 1917 1173 famu-

506 1210 606 1255 lum
625 1206 829 1254 ecclesiae
849 1214 1026 1250 nostrae
1038 1239 1050 1260 ,
1071 1203 1268 1249 nomine
1285 1203 1644 1267 Meginfridum‚
1663 1204 1718 1249 ad
1736 1222 1916 1250 sacrum

506 1283 723 1331 ordinem
761 1280 820 1327 ab
858 1279 1171 1325 unanimitate
1217 1279 1496 1325 venerandae
1538 1281 1918 1344 congregationis

508 1372 682 1409 nostrae
702 1358 1006 1406 concorditer
1024 1357 1229 1404 electum
1244 1392 1255 1411 ,
1278 1356 1334 1403 ad
1351 1356 1510 1403 altaris
1533 1374 1703 1414 cornu,
1726 1358 1775 1404 in
1793 1375 1919 1421 prae-

505 1439 652 1486 sentia
691 1436 987 1484 sacerdotum
1022 1445 1070 1481 et
1099 1433 1336 1481 nobilium
1370 1436 1611 1492 virorum,
1654 1453 1738 1499 per
1775 1435 1919 1482 eccle-
1948 1458 1956 1465 ·

506 1516 674 1563 siastici
711 1525 852 1579 atque
888 1512 1141 1577 imperialis
1172 1513 1376 1569 decreti,
1403 1514 1525 1560 sicut
1555 1518 1767 1577 superius
1799 1531 1919 1561 con-

506 1594 736 1657 scriptum
760 1602 828 1639 cst
845 1627 858 1649 ‚
893 1591 1250 1646 auctoritatem,
1280 1591 1429 1637 civem
1450 1607 1702 1638 romanum
1727 1601 1915 1647 statuo;

507 1682 553 1718 et
572 1687 657 1734 per
676 1669 813 1733 hujus
836 1669 1044 1732 paginae,
1066 1685 1173 1731 quae
1195 1666 1259 1715 ob
1282 1666 1656 1714 confirmandam
1679 1670 1774 1731 ejus
1793 1668 1920 1732 inge·

507 1748 738 1794 nuitatem
760 1764 783 1792 a
814 1763 889 1792 me
909 1745 1175 1808 conscripta
1195 1755 1289 1802 est,
1321 1745 1652 1802 traditionem,
1679 1763 1702 1790 a
1725 1745 1919 1792 vinculo

507 1824 744 1871 servitutis
770 1822 964 1870 absolvo
986 1842 996 1867 :
1020 1823 1082 1867 ita
1110 1833 1162 1868 ut
1180 1822 1237 1868 ab
1263 1822 1496 1870 hodierno
1519 1824 1595 1869 die
1610 1823 1684 1869 vel
1705 1833 1919 1886 tempore

507 1903 626 1949 bene
659 1903 916 1965 ingenuus,
953 1911 1092 1965 atque
1117 1900 1175 1946 ab
1200 1902 1333 1947 omni
1359 1902 1597 1948 servitutis
1623 1901 1815 1948 vinculo
1845 1919 1921 1948 se-

505 1999 645 2027 curus
669 1991 964 2044 permaneat,
1005 1991 1229 2044 tanquam
1254 1980 1289 2025 si
1315 1979 1372 2025 ab
1402 1980 1617 2045 ingenuis
1644 1979 1807 2026 fuisset
1829 1998 1920 2044 pa·-

508 2056 723 2104 rentibus
753 2067 1028 2120 procreatus
1075 2056 1149 2103 vel
1180 2067 1335 2102 natus.
1372 2057 1490 2103 Eam
1518 2055 1721 2120 denique
1759 2066 1921 2120 pergat

510 2221 572 2241 son
603 2208 853 2253 Alplzczbetum
885 2210 1121 2250 lirom'anum,
1155 2221 1189 2255 p.
1224 2208 1269 2256 76
1297 2216 1333 2243 et
1354 2220 1410 2257 77,
1440 2210 1557 2244 chart.
1588 2222 1690 2245 xtvu.
1718 2210 1795 2244 Elle
1824 2223 1842 2244 a
1865 2213 1923 2245 ete

512 2270 742 2316 reimprime'e
760 2282 825 2316 pai·
840 2270 886 2304 D.
907 2271 1091 2318 Bouquet‚
1111 2271 1185 2314 VI,
1204 2271 1284 2319 657.
1308 2272 1402 2307 Rien
1422 2286 1466 2307 ne
1483 2273 1721 2308 saul-aitfaire
1740 2281 1923 2320 suspecter

512 2335 778 2369 l'autlicnticite
806 2335 851 2370 de
881 2343 937 2369 cet
965 2343 1059 2377 acte,
1089 2337 1153 2383 qui
1183 2344 1237 2372 est
1260 2349 1305 2372 en
1331 2345 1412 2372 tout
1440 2339 1627 2373 conforme
1655 2350 1723 2372 aux
1750 2339 1923 2374 formules

514 2399 645 2433 usitees
665 2398 714 2432 du
732 2405 850 2444 temps
871 2392 1097 2445 d'Eginhard
1115 2413 1209 2446 pour
1225 2401 1275 2435 les
1294 2409 1390 2436 actes
1407 2402 1789 2438 d⁷affranchissement.
1805 2404 1920 2451 (Voy.

514 2464 543 2497 la
566 2470 650 2497 note
670 2462 716 2496 de
733 2463 962 2507 Carpenticr,
987 2476 1020 2509 p.
1047 2466 1107 2505 104
1121 2489 1128 2503 ‚
1149 2471 1186 2498 et
1205 2464 1377 2511 Ducange
1397 2478 1442 2500 au
1467 2473 1543 2501 mot
1561 2467 1836 2513 Manumissio.)
1855 2469 1885 2503 Il
1901 2482 1923 2514 §³

514 2541 532 2562 a
553 2526 755 2574 cepcndant
779 2538 849 2560 une
876 2538 1004 2561 errcur
1032 2527 1120 2561 dans
1147 2528 1178 2561 la
1204 2528 1305 2572 date,
1329 2542 1390 2563 car
1415 2530 1447 2563 la
1466 2536 1520 2563 vie
1537 2533 1652 2565 annee
1670 2531 1719 2565 du
1745 2533 1856 2579 regne
1879 2532 1925 2567 (le

516 2589 945 2631 Lotiis-le-Del)onnaii·e,
968 2591 1031 2638 qui
1051 2591 1175 2625 tombe
1194 2604 1238 2626 en
1259 2591 1327 2626 l'an
1353 2592 1440 2640 819,
1467 2601 1643 2629 concourt
1667 2607 1750 2630 avec
1775 2595 1809 2629 la
1833 2595 1924 2630 dou-

514 2656 626 2689 zibme
650 2661 687 2687 et
712 2664 784 2687 non
804 2665 866 2700 pas
890 2653 924 2688 la
948 2655 1194 2701 quatorzibme
1218 2657 1332 2690 anncc
1352 2655 1397 2690 de
1421 2656 1647 2701 l'indiction,
1672 2658 1696 2692 il
1727 2658 1804 2693 faut
1830 2659 1924 2694 donc

514 2717 590 2755 lire,
611 2717 680 2750 soit
693 2744 701 2757 ‚
729 2728 826 2750 anno
844 2719 986 2762 imperii
1003 2729 1054 2760 Vt,
1075 2717 1200 2752 ind1'ct.
1221 2731 1292 2762 xn,
1317 2720 1400 2762 soit,
1423 2733 1520 2756 anno
1534 2724 1677 2768 imperii
1695 2735 1774 2765 vm,
1796 2723 1921 2757 indict.

515 2792 590 2812 xm·
608 2795 616 2819 ·,
643 2779 731 2813 mais
751 2779 835 2813 c'ost
856 2780 886 2814 ΙΞι
905 2793 976 2815 une
995 2794 1122 2817 erreur
1140 2782 1250 2829 qu’on
1270 2791 1356 2829 peut
1373 2783 1581 2820 facilement
1598 2786 1779 2822 attribuer
1806 2789 1825 2821 a
1851 2799 1924 2821 une

512 2844 610 2876 rante
631 2841 675 2877 «lc
696 2832 855 2888 οορίςῐυ.Δ
