2105 3348
585 236 661 269 210
888 227 1129 264 Hls'l'olzlA
1160 225 1581 270 'FRANSLA'slOle,
1614 240 1693 266 E'rc.

585 318 723 362 runt;
749 316 793 352 rt
815 305 869 350 ad
887 320 1027 367 quem
1054 303 1209 348 locum
1225 338 1237 360 ,
1264 302 1333 348 vel
1357 302 1562 365 qualiter
1583 303 1628 348 id
1653 303 1752 351 fieri
1772 304 1986 361 deberet,

584 385 893 433 ostenderunt
921 401 931 426 :
960 391 1006 426 et
1036 391 1089 425 ut
1124 379 1211 425 hoc
1237 379 1351 425 mihi
1380 379 1480 425 sine
1512 396 1643 425 mora
1669 380 1834 427 fuisset
1863 399 1991 427 uun—

586 465 776 512 uatum,
821 456 1100 504 terribiliter
1134 454 1471 503 comminando
1515 468 1861 520 praeceperunt.
1899 457 1990 517 Qui

582 555 689 583 mox
715 547 767 580 ut
784 552 858 580 me
876 533 1004 579 adire
1021 534 1180 595 potuit
1196 568 1207 588 ‚
1228 533 1385 579 omnia
1409 549 1516 595 quae
1529 535 1684 594 jussus
1702 531 1857 578 fuerat
1877 533 1989 579 mihi

584 614 801 659 intimare
836 610 1035 656 curavit.
1080 608 1263 669 Quibus
1305 608 1474 654 auditis
1491 646 1501 663 ,
1548 610 1672 654 curis
1720 609 1991 673 ingentibus

582 703 807 747 aestuare,
835 700 882 736 et
908 688 1025 754 quid
1051 687 1168 733 mihi
1198 698 1316 734 esset
1343 685 1573 751 agendum
1604 688 1766 733 animo
1790 698 1990 736 tractare

580 768 703 831 coepi
736 788 744 812 :
779 777 942 812 utrum
978 766 1151 811 iterum
1181 764 1355 827 jejunia
1394 774 1438 809 et
1479 763 1845 827 supplicationes
1869 764 1992 811 cele-

578 844 790 901 brandae,
818 861 869 889 ac
896 843 1015 889 Deus
1034 859 1197 888 rursus
1214 858 1304 905 pro
1332 852 1490 887 nostra
1517 841 1788 887 curiositate
1808 841 1990 888 sollici-

582 922 774 976 tandum
801 939 858 967 an
885 920 1075 984 aliquis,
1117 919 1221 965 Deo
1252 917 1421 965 devote
1445 935 1497 963 ac
1521 917 1733 981 perfecte
1759 919 1987 975 serviens,

579 1011 696 1047 esset
718 997 1002 1064 quaerendus
1019 1033 1032 1054 ,
1065 998 1139 1042 cui
1165 996 1452 1042 anxietatem
1475 994 1629 1041 cordis
1654 997 1805 1042 nostri
1835 1007 1881 1042 et.
1905 1014 1992 1042 cu—

578 1096 739 1124 rarum
758 1086 1030 1123 nostrarum
1051 1074 1374 1138 querimonias
1396 1072 1626 1129 iudicare,
1649 1090 1889 1138 quemque
1908 1091 1993 1120 ro-

578 1174 686 1221 gare
723 1155 1063 1219 potuissemus,
1103 1162 1157 1198 ut
1191 1149 1491 1198 orationibus
1522 1152 1616 1196 suis
1657 1170 1679 1197 a
1721 1153 1820 1198 Deo
1854 1150 1991 1198 nobis

578 1234 716 1296 hujus
755 1233 823 1279 rei
863 1230 1295 1278 manifestationem
1339 1227 1648 1292 impetraret?
1677 1229 1767 1275 Sed
1796 1228 1877 1274 ubi
1917 1230 1989 1276 vel

578 1312 769 1378 quando
795 1311 872 1356 ille
903 1310 1005 1355 talis
1030 1308 1205 1354 Christi
1232 1306 1438 1353 famulus
1458 1324 1481 1352 a
1508 1306 1646 1354 nobis
1677 1317 1834 1371 posset
1859 1309 1991 1355 inve-

577 1390 670 1436 niri
687 1425 701 1448 ,
726 1388 993 1452 praesertim
1019 1388 1067 1433 in
1098 1386 1171 1431 illa
1197 1386 1418 1449 regione,
1450 1385 1494 1430 iu
1524 1402 1615 1449 qua
1647 1386 1830 1432 tametsi
1857 1404 1990 1450 quae-

577 1467 684 1514 dam
707 1465 928 1514 coenobia
947 1464 1004 1511 ab
1031 1482 1087 1513 eo
1114 1464 1246 1518 loco,
1272 1464 1319 1510 in
1344 1481 1442 1528 quo
1467 1481 1676 1522 eramus,
1704 1462 1827 1510 haud
1851 1464 1991 1529 longe

579 1546 728 1609 posita
760 1561 854 1592 esse
889 1541 1137 1589 constabat
1156 1577 1167 1597 ‚
1204 1553 1390 1597 tamen,
1420 1552 1619 1605 propter
1651 1542 1818 1588 rudem
1850 1542 1897 1589 in
1926 1541 1997 1589 his

578 1622 694 1667 locis
717 1622 814 1684 ejus
842 1619 1215 1666 conversationis
1240 1617 1593 1664 institutionem
1610 1653 1621 1672 ,
1654 1628 1735 1662 aut
1759 1635 1892 1664 rarus
1915 1628 1997 1664 aut

582 1698 739 1745 nullus
760 1707 884 1752 erat,
914 1695 971 1742 de
998 1697 1129 1759 cujus
1155 1695 1402 1741 sanctitate
1426 1695 1514 1740 tale
1542 1694 1721 1759 aliquid
1745 1695 1818 1742 vel
1842 1695 1996 1742 tenuis

579 1776 700 1821 fama
724 1774 1016 1839 loqueretur.
1050 1773 1230 1818 Interea
1253 1770 1365 1817 dum
1387 1771 1457 1817 his
1482 1772 1697 1818 anxiatus
1724 1773 1848 1819 curis
1868 1790 1997 1819 sanc-

580 1863 737 1898 torum
762 1851 1029 1913 Martyrum
1058 1848 1335 1911 suffragium
1357 1847 1709 1911 implorassem,
1732 1860 1872 1914 atque
1890 1866 1997 1897 om-

581 1946 660 1975 nes
684 1928 762 1993 qui
786 1944 879 1972 una
897 1925 1148 1972 nobiscum
1168 1935 1303 1971 erant
1318 1960 1329 1981 ‚
1354 1935 1407 1970 ut
1431 1924 1555 1973 idem
1574 1926 1810 1983 facerent,
1833 1926 1995 1973 sedulo

580 2004 1007 2057 commonuissem,
1058 2001 1239 2048 factum
1278 2013 1443 2051 est-ut
1481 2021 1566 2068 per
1603 2005 1859 2052 continuos
1899 2005 1996 2052 dies

582 2082 711 2128 nulla
742 2098 837 2127 uox
866 2080 1161 2142 praeteriret,
1193 2080 1242 2125 in
1270 2097 1361 2144 qua
1386 2081 1458 2127 vel
1477 2082 1561 2127 uni
1582 2082 1655 2128 vel
1679 2081 1894 2140 duobus,
1922 2081 1995 2129 vel

581 2161 724 2206 etiam
755 2157 905 2204 tribus
931 2158 1170 2205 sociorum
1200 2168 1506 2217 nostrorum,
1536 2158 1583 2204 in
1608 2159 1787 2206 somnis
1819 2159 1997 2206 revela-

584 2247 685 2283 tum
709 2252 808 2282 non
842 2235 1032 2290 fuisset,
1065 2235 1193 2299 quod
1226 2235 1302 2282 illa
1336 2247 1609 2283 sanctorum
1635 2253 1834 2301 corpora
1861 2236 1917 2284 de
1941 2254 1996 2284 eo

584 2314 691 2360 loco
717 2313 762 2358 in
789 2311 933 2357 alium
960 2322 1112 2357 essent
1141 2313 1483 2360 transferenda.
1514 2313 1585 2359 Ad
1611 2324 1878 2361 extremum
1910 2333 1996 2361 au-

587 2403 680 2437 tem
701 2389 885 2436 cuidam
904 2388 1184 2453 presbytero
1201 2390 1256 2437 de
1283 2390 1353 2437 his
1370 2392 1452 2455 qui
1476 2390 1537 2437 ibi
1560 2391 1809 2439 nobiscum
1828 2403 1963 2440 erant
1979 2428 1992 2448 ,

583 2467 780 2515 nomine
805 2465 1043 2511 Hildfrido
1058 2500 1070 2521 ,
1093 2468 1310 2530 apparuit
1328 2469 1375 2513 in
1398 2469 1600 2524 visione,
1633 2480 1683 2516 ut
1702 2471 1798 2533 ipse
1821 2468 1996 2516 fateba—

587 2557 691 2601 tur,
714 2550 785 2589 vir
806 2541 997 2607 quidam
1015 2542 1178 2589 habitu
1205 2546 1476 2594 sacerdotali
1497 2583 1508 2603 ‚
1536 2548 1707 2594 canitie
1733 2548 1995 2595 veneranda

586 2621 892 2685 conspicuus,
932 2618 1123 2665 candida
1160 2632 1284 2668 veste
1318 2623 1534 2681 indutus,
1572 2624 1653 2689 qui
1688 2642 1796 2671 eum
1825 2623 1995 2671 talibus

588 2699 740 2747 verbis
755 2697 1055 2760 compellavit
1080 2718 1088 2743 ε
1116 2698 1267 2754 «Cur,
1296 2701 1754 2765 inquit,Einl1ardus
1773 2713 1864 2748 tam
1886 2702 1990 2748 duri
