2105 3348
598 256 667 292 194
888 250 1125 289 HISTORIA
1157 247 1574 293 TRANSLA'l'lONlS,
1608 262 1686 286 me.

590 331 871 379 monachum
907 328 1235 391 peregrinum,
1272 326 1467 372 nomine
1496 325 1744 380 Basifium,
1770 326 1851 389 qui
1886 336 1994 371 ante

590 410 833 455 biennium
875 408 930 453 de
971 402 1387 466 Constantinopoli
1430 403 1629 448 Romam
1666 412 1889 460 venerat,
1922 413 1996 446 at-

588 505 679 551 que
721 485 783 529 ibi
821 485 867 528 in
903 492 1067 530 monte
1106 480 1321 526 Palatino
1349 478 1473 543 apud
1503 479 1617 524 alios
1657 478 1876 533 Graecos,
1913 479 1995 542 qui

587 562 789 625 ejusdem
823 559 1130 623 professionis
1169 567 1332 612 erant,
1371 573 1478 601 cum
1519 565 1725 619 quatuor
1758 554 1996 617 discipulis

586 640 679 684 suis
716 636 975 700 hospitium
1011 633 1229 680 habebat.
1269 635 1405 679 Hunc
1443 631 1579 689 adiit,
1617 642 1756 696 atque
1790 632 1829 676 ei
1856 648 1995 694 quam

586 713 851 778 patiebatur
875 711 1245 759 sollicitudinem
1276 711 1477 775 aperuit.
1506 711 1632 755 Tum
1665 708 1872 756 consiliis
1903 709 1997 770 ejus

585 793 845 847 ammaum,
880 801 926 837 et
962 788 1260 837 orationibus
1299 789 1476 843 fretus,
1518 798 1692 833 tantam
1731 786 1909 849 accepit
1949 786 1996 830 in

585 869 726 916 eorde
761 886 844 916 suo
887 868 1227 923 constantiam,
1270 877 1321 912 ut
1347 877 1574 912 statueret
1607 883 1731 920 rem,
1782 864 1995 928 quamvis

585 964 693 992 cuin
725 945 936 1009 periculo
964 945 1128 1008 capitis
1153 945 1246 1000 sui,
1276 944 1521 990 celerrime
1542 943 1762 1005 experiri.
1786 941 1996 987 Vocato-

584 1041 675 1088 que
694 1023 749 1069 ad
770 1041 816 1069 se
836 1023 1010 1068 comite
1029 1038 1131 1077 suo,
1150 1020 1362 1068 Hildoini
1387 1019 1687 1084 presbytero,
1713 1019 1864 1082 coepit
1888 1035 1995 1063 cuin

583 1119 638 1146 eo
668 1112 867 1146 tractare
900 1110 952 1145 ut
988 1100 1160 1144 iterum
1183 1097 1238 1144 ad
1265 1098 1505 1144 basilicam
1527 1100 1579 1143 B.
1607 1096 1815 1142 Tiburti}
1838 1132 1849 1151 ,
1878 1096 1998 1141 sicut

584 1180 713 1242 prius
750 1178 983 1232 fecerant,
1017 1176 1234 1222 clanculo
1253 1185 1535 1239 pergerent,
1558 1192 1610 1221 ac
1636 1173 1873 1226 tumbam,
1904 1190 1994 1237 qua

584 1255 802 1318 Martyris
821 1271 993 1317 corpus
1007 1252 1306 1300 reconditum
1328 1251 1625 1309 credebatur,
1640 1252 1822 1315 aperire
1839 1249 1997 1297 denuo

585 1333 888 1379 molirentur.

651 1491 726 1534 40.
756 1487 937 1533 Placuit
967 1488 1246 1543 consilium3
1280 1488 1651 1550 assumptisque,
1688 1503 1808 1550 quos
1841 1502 1996 1532 seeum

585 1565 902 1620 adduxerant,
927 1565 1086 1628 pueris
1102 1601 1113 1620 ,
1146 1565 1329 1628 hospite
1350 1581 1516 1611 eorum
1538 1564 1725 1626 penitus
1751 1564 2000 1627 ignorante

586 1660 684 1707 quo
703 1644 842 1699 irent,
864 1643 982 1688 clam
1004 1652 1150 1688 noctu
1166 1640 1365 1705 profecti
1385 1651 1510 1686 sunt.
1530 1641 1745 1704 Cumque
1764 1640 1820 1685 ad
1841 1640 1999 1685 locum

585 1731 784 1767 ventum
808 1732 952 1772 esset,
980 1722 1102 1766 votis
1125 1737 1214 1782 pro
1238 1736 1289 1765 re
1313 1717 1631 1781 prosperanda
1664 1728 1772 1763 ante
1797 1716 1908 1762 aedis
1924 1719 1998 1780 ja-

587 1815 729 1843 nuam
761 1798 917 1853 sactis,
951 1796 1310 1859 ingrediuntum
1335 1795 1587 1859 divisisque
1616 1795 1753 1840 sociis
1778 1794 1903 1840 inter
1926 1812 1996 1849 se,

585 1873 833 1937 presbyter
846 1874 902 1919 ad
918 1891 1089 1937 eorpus
1105 1873 1227 1919 beati
1243 1873 1453 1918 Tiburtii
1470 1871 1782 1937 quaerendum
1798 1872 1842 1917 in
1860 1872 2001 1935 ipsius

586 1949 772 1995 basilica
790 1968 897 1995 cum
913 1948 1148 2014 aliquibus
1164 1949 1415 2004 remansit3
1438 1948 1671 1994 Ratleicus
1686 1965 1795 1994 cum
1807 1948 2001 2012 reliquis

588 2027 634 2071 in
656 2026 978 2073 adhaerentem
996 2026 1146 2072 eidem
1168 2025 1375 2072 ecclesiae
1400 2035 1636 2090 cryptam,
1658 2024 1714 2070 ad
1729 2023 1850 2070 beati
1872 2024 1998 2071 Petri

588 2120 758 2166 corpus
770 2105 981 2150 accessit:
995 2114 1254 2167 apertoque
1269 2104 1368 2150 sine
1383 2103 1475 2149 ulla
1486 2103 1757 2149 difficultate
1767 2102 1999 2166 sepulcrm

588 2198 714 2225 sacra
729 2181 874 2226 sancti
890 2182 1113 2246 Martyris
1132 2180 1362 2238 membra,
1384 2181 1516 2228 nullo
1536 2179 1838 2245 prohibente„
1853 2190 2004 2226 sustu-

590 2258 668 2311 lit,
691 2268 736 2303 ct
760 2259 908 2304 serico
927 2258 1149 2321 pulvino,
1170 2275 1311 2323 quem
1336 2259 1391 2305 ad
1413 2259 1501 2306 hoc
1523 2269 1790 2323 paraverat,
1816 2269 2001 2322 recepta
2049 2305 2052 2307 ,

588 2334 840 2398 diligenter
861 2335 1066 2380 inclusit.
1094 2337 1274 2383 Interea
1296 2337 1561 2401 presbyter,
1584 2338 1662 2402 qui
1687 2354 1859 2401 corpus
1877 2335 1997 2383 beati

590 2409 797 2456 Tiburtii
816 2412 1084 2476 quaerebat,
1113 2431 1284 2478 magno
1305 2414 1466 2461 labore
1489 2414 1662 2460 frustra
1689 2424 1994 2477 consumpto,

587 2499 839 2554 postquam
861 2499 906 2535 se
924 2489 1041 2535 vidit
1060 2490 1178 2536 nihil
1201 2484 1333 2554 posse
1352 2493 1583 2556 proficere
1597 2529 1610 2550 ‚
1635 2493 1802 2539 relicto
1827 2510 1996 2556 opere,

591 2567 636 2611 in
654 2577 867 2631 cryptam
888 2567 944 2612 ad
964 2567 1226 2615 Ratleieum
1241 2571 1509 2630 descendit,
1531 2583 1576 2618 et
1596 2571 1709 2636 quid
1729 2569 1816 2616 sihi
1831 2570 2001 2617 sacien-

586 2643 699 2689 dum
714 2655 846 2698 esset,
860 2644 919 2690 ab
931 2663 986 2692 eo
996 2663 1208 2709 quaerere
1218 2649 1383 2711 coepit.
1401 2650 1483 2695 Cui
1499 2648 1695 2696 cumille
1714 2647 1932 2694 arbitrari
1950 2666 1997 2694 se

584 2722 897 2786 diceretquosl
917 2725 1061 2769 sancti
1081 2723 1286 2770 Tiburtii
1304 2727 1560 2791 [reliquiae]
1576 2738 1729 2774 essent
1763 2727 1995 2784 inventae‚
