1979 3348
519 245 778 283 APPENDIX
810 244 977 282 PRIOR.
1374 245 1449 284 147

41 330 138 372 totis
166 326 353 376 nisibus,
379 327 581 384 omnique
612 326 824 368 servitutis
858 324 1012 366 affectu
1048 324 1210 377 fidelis,
1237 327 1452 384 prosperi-

42 416 168 450 tatem
203 415 328 463 atque
364 403 673 446 beatitudinem
709 402 752 444 in
786 402 883 443 Jesu
922 401 1094 444 Christo
1132 403 1320 445 Domino
1353 413 1452 462 opto

42 497 286 541 perennem.
304 507 361 513 —-
374 479 607 539 Epistolam
626 488 772 520 vestrae
790 476 1061 520 sublimitatis
1079 478 1131 519 ad
1146 495 1213 521 me
1231 479 1453 538 perlatam,

41 559 241 618 qualibus
260 558 381 600 vobis
402 557 562 616 placuit
581 555 782 597 refertam
805 554 1074 596 sermonibus
1089 588 1099 607 ,
1120 558 1290 615 accepi,
1313 573 1460 616 accep-

43 647 212 695 tamque
229 635 407 694 perlegi,
424 633 652 692 perlectam
674 632 822 690 paucis
842 631 1096 690 respondere
1118 632 1304 675 decrevi.
1324 635 1461 676 Dixis-

44 716 95 756 tis
118 728 303 770 namque
325 712 583 769 insperatam
602 709 654 752 ad
680 725 756 752 vos
778 710 1014 768 pervenisse
1041 710 1312 768 opinionem,
1340 711 1458 754 scili-

43 801 109 833 cet
125 789 242 849 quod
263 805 410 849 pacem
436 788 637 831 Ecclesiae
658 787 932 846 perturbare,
957 797 998 829 et
1020 785 1254 830 fraternam
1273 800 1460 832 evertere

43 869 202 910 niterer
233 865 536 919 concordiam,
561 875 601 906 et
630 865 713 906 hoc
736 880 843 923 opus
868 863 1134 907 daemonibus
1161 864 1456 924 adscripsistis.

40 945 266 986 Daemones
295 942 479 1001 quippe,
513 950 561 983 ut
589 939 931 983 manifestissime
961 950 1102 999 patet,
1136 939 1399 984 dissensione
1423 953 1464 985 et

42 1020 362 1079 perturbatione
407 1019 623 1061 bonorum
662 1018 890 1060 hominum
935 1017 1127 1075 gaudent
1165 1027 1206 1060 et
1248 1018 1462 1063 discordia

40 1097 322 1139 delectantur.
346 1097 399 1138 Et
425 1096 508 1138 hoc
531 1111 680 1138 verum
704 1105 788 1147 est,
815 1097 914 1154 quia
933 1096 1127 1154 quisquis
1150 1096 1240 1139 zelo
1267 1098 1463 1141 stimula-

40 1183 106 1216 tus
129 1173 292 1225 livoris,
318 1173 361 1214 in
383 1188 487 1231 pace
517 1173 819 1214 consistentem
842 1172 1079 1215 Ecclesiam
1099 1173 1274 1217 nefariis
1294 1177 1462 1218 conati—

40 1251 118 1293 bus
142 1250 309 1303 turbat,
333 1261 375 1293 et
394 1266 504 1293 verae
526 1249 805 1293 fraternitatis
832 1250 1062 1293 discidium
1089 1262 1224 1305 amat,
1255 1254 1466 1313 particeps

41 1329 283 1372 daemonum
303 1329 486 1371 efficitur
497 1362 508 1380 ,
528 1344 551 1370 a
565 1345 750 1387 quorum
763 1329 1091 1387 participatione
1104 1330 1283 1372 Domini
1299 1332 1465 1374 miseri-

41 1407 187 1450 cordia
212 1408 450 1449 immunem
469 1422 536 1448 me
557 1416 766 1465 perpetuo
790 1405 967 1448 reddere
984 1406 1203 1465 dignetur.
1226 1408 1322 1450 Non
1349 1410 1463 1453 enim

40 1482 324 1526 universalem
355 1482 615 1525 discordiam
643 1484 786 1542 cupit,
824 1484 900 1542 qui
934 1493 1099 1526 tantum
1123 1486 1335 1542 justitiam
1364 1503 1466 1546 pro-

39 1563 175 1621 priam
189 1562 357 1619 quaerit.
373 1561 426 1603 Et
440 1560 537 1603 ideo
562 1564 808 1604 daemonum
823 1576 930 1620 opus
945 1562 1122 1604 minime
1140 1578 1238 1620 ago,
1259 1565 1361 1622 quia
1376 1581 1463 1607 non

39 1640 327 1698 iniquitatem,
345 1638 417 1680 sed
434 1639 576 1697 potius
593 1639 834 1696 aequitatem
858 1648 900 1680 et
917 1638 1146 1697 justitiam,
1167 1656 1330 1698 quaero.
1353 1643 1465 1685 Nam

39 1718 73 1759 si
86 1717 194 1758 ratio
214 1715 527 1767 consideretur,
548 1715 620 1758 ille
641 1716 783 1758 verius
801 1726 843 1758 et
862 1715 1071 1759 dicendus
1085 1727 1125 1759 et
1142 1718 1382 1762 credendus
1404 1731 1466 1763 est

38 1795 250 1853 particeps
267 1809 354 1836 esse
378 1793 623 1837 daemonum
641 1794 716 1852 qui
740 1794 1011 1852 iniquitatem
1035 1794 1178 1853 diligit
1196 1807 1236 1839 et
1251 1797 1463 1854 justitiam

39 1922 227 1964 Mabillon,
248 1923 393 1956 Amml.
412 1921 617 1965 Benedici„
637 1921 699 1956 liv.
718 1934 856 1966 xxv111,
878 1932 918 1957 n0
938 1923 997 1968 48,
1018 1924 1051 1958 la
1069 1924 1122 1958 lui
1139 1925 1300 1961 attribue
1316 1940 1463 1975 expres-

39 1989 197 2029 se'ment,
217 1992 253 2020 et
272 1998 381 2032 pense
398 1984 529 2033 qu'elle
545 1998 563 2020 a
585 1987 642 2021 ete
661 1985 836 2029 adresse'e‚
860 2000 939 2022 vers
954 1988 1034 2032 816,
1055 1990 1074 2022 a
1091 1988 1355 2038 Ermengarde‚
1375 2006 1461 2040 pre-

38 2053 154 2087 miere
165 2051 301 2086 femme
313 2050 358 2086 de
371 2050 801 2087 Louis-le-Debonnaire.
815 2052 906 2087 Mais
920 2053 964 2088 D.
982 2054 1094 2088 Liron
1104 2083 1113 2098 ,
1128 2054 1218 2090 dans
1231 2069 1304 2092 une
1317 2066 1462 2094 savante

39 2116 273 2152 dissertation
301 2128 364 2151 sur
392 2123 486 2151 cette
518 2115 627 2151 lettre
640 2144 649 2160 ‚
681 2116 930 2164 Singularite's
958 2118 1196 2166 historiques,
1226 2126 1254 2155 t.
1285 2121 1320 2165 I,
1351 2134 1390 2169 p.
1423 2137 1434 2157 1
1450 2151 1458 2166 ‚

38 2194 188 2228 prouve‚
200 2180 311 2216 d’une
328 2181 492 2215 maniere
507 2181 571 2228 qui
590 2192 683 2215 nous
698 2180 836 2216 semble
854 2182 1129 2228 incontestable,
1143 2184 1275 2231 qu’elle
1288 2187 1381 2222 n'est
1398 2200 1462 2235 pas

39 2238 278 2293 d'Eginhard‚
298 2253 335 2281 et
351 2245 482 2293 qu’elle
500 2258 520 2279 a
535 2246 594 2280 ete
611 2245 789 2290 adressee‚
804 2258 884 2281 vers
901 2246 981 2291 845,
999 2249 1017 2282 a
1031 2248 1292 2295 l'imperatrice
1307 2251 1461 2289 Ermen-

40 2310 170 2357 garde,
190 2311 323 2346 femme
342 2310 387 2345 de
408 2310 598 2353 Lothaire‚
619 2323 685 2357 par
701 2323 751 2346 un
768 2311 941 2358 seigneur
963 2313 1048 2360 qui,
1068 2315 1173 2361 apres
1196 2317 1297 2350 avoir
1315 2318 1407 2353 suivi
1427 2319 1461 2354 le

38 2376 135 2422 parti
167 2374 213 2410 de
236 2373 674 2417 Louis-le-Dehonnaire‚
703 2375 797 2409 avait
829 2375 1012 2411 embrasse
1037 2377 1131 2413 celui
1157 2379 1203 2414 de
1232 2381 1460 2419 Charles-le-

39 2439 201 2474 Chauve.
229 2439 280 2473 Ce
302 2439 472 2486 seigneur
491 2440 572 2486 qui,
603 2440 745 2475 suivant
768 2439 839 2484 lui,
862 2441 981 2476 aurait
1000 2445 1138 2490 occupe
1164 2444 1254 2479 dans
1274 2438 1384 2482 l'Etat
1409 2461 1460 2482 un

38 2516 131 2551 rang
148 2515 280 2538 encore
298 2502 380 2549 plus
398 2503 562 2538 eminent
578 2496 835 2552 qu'Eginhard
846 2533 855 2549 ,
878 2507 1046 2553 pourrait
1062 2507 1148 2543 bien
1163 2508 1242 2544 etre
1256 2510 1457 2556 Adalhard,

41 2568 143 2603 oncle
174 2566 505 2610 d’Hermentrude,
534 2567 668 2604 femme
696 2568 742 2603 de
771 2569 1162 2607 Charles-le-Chauve.
1193 2574 1238 2608 D.
1271 2575 1457 2624 Bouquet‚

42 2632 217 2679 adoptant
236 2638 330 2666 cette
343 2631 513 2678 opinion,
534 2644 552 2665 a
572 2634 683 2679 range
699 2640 793 2668 cette
811 2633 920 2669 lettre
935 2636 1054 2682 parmi
1072 2635 1123 2670 les
1136 2635 1353 2673 documents
1366 2640 1461 2675 rela-

43 2697 104 2731 tifs
120 2698 139 2731 ἐι
157 2696 337 2731 l'histoire
356 2696 419 2730 des
436 2695 491 2731 fils
511 2695 556 2730 de
577 2697 1008 2743 Louis-le-Dehonuairffi
1029 2707 1065 2734 et
1082 2700 1125 2734 l’a
1144 2700 1350 2748 impr-iniec,
1372 2705 1458 2751 Vll,

44 2759 129 2808 579,
152 2772 233 2796 sous
251 2760 284 2796 la
302 2760 384 2795 date
403 2760 448 2794 de
468 2760 548 2803 841.
