2105 3348
564 349 614 385 :32
991 342 1244 380 EINHARDI
1278 341 1547 381 EPISTOLAE.

563 437 724 473 noster
765 440 847 487 per
885 422 1020 467 illum
1058 420 1196 469 nobis
1233 419 1411 484 aliquid
1444 420 1665 467 mandare
1701 421 1971 477 voluerint,

563 505 664 550 sine
688 518 818 548 mora
849 499 920 546 vel
953 499 1195 554 tarditate,
1232 498 1286 544 ad
1320 499 1539 545 Turones
1562 515 1756 563 pergere
1793 500 1972 563 possit;

563 582 673 646 quia
714 578 778 624 ihi
813 589 894 623 aut
930 595 1016 624 nos
1057 577 1204 641 ipsoe,
1244 587 1325 623 aut
1360 576 1579 623 dilectam
1615 577 1686 640 (ι)
1724 581 1978 642 conjugem

562 667 798 711 nostram,
834 654 1043 701 Domino
1079 654 1298 712 volente,
1334 654 1614 699 inventurus
1647 664 1733 699 est.
1768 654 1887 701 Vide
1924 665 1979 700 ut

562 734 743 780 nullam
777 730 946 779 exinde
983 731 1148 778 habeas
1184 731 1520 795 negligentiam
1559 731 1663 793 (2),
1707 730 1743 775 si
1779 732 1977 794 gratiam

563 821 777 858 nostram
802 809 914 857 velis
939 808 1127 856 habere.
1162 809 1287 872 Opto
1320 819 1373 853 ut
1398 798 1582 871 semper
1610 808 1731 856 hene
1755 809 1903 856 valeas
1929 809 1977 854 in

562 889 789 935 Domino.

575 1042 689 1082 XXI.
723 1042 774 1079 IN
808 1041 1034 1080 PERSONA
1064 1041 1381 1081 HLUDOWICI
1414 1042 1786 1089 IMPERATORIS,
1819 1043 1884 1081 AD
1915 1043 1959 1080 T.

1072 1108 1190 1147 EJUS
1221 1109 1468 1148 FIDELEM.

628 1219 683 1263 In
718 1216 916 1263 nomine
953 1215 1146 1262 Domini
1179 1216 1263 1261 Dei
1296 1226 1343 1261 et
1375 1215 1629 1262 Salvatoris
1654 1215 1805 1261 nostri
1838 1214 1981 1261 Jeshu

562 1293 769 1350 Christi,
801 1291 1138 1347 Hludowicus,
1172 1292 1330 1338 divina
1367 1291 1618 1339 ordinante
1649 1291 1945 1356 providentia
1965 1330 1978 1350 ,

563 1373 824 1436 imperator
843 1381 1089 1434 augustus,
1113 1370 1171 1414 T.
1194 1368 1320 1416 fideli
1342 1379 1526 1416 nostro.
1539 1398 1601 1404 —-
1614 1369 1795 1416 Notum
1813 1372 1873 1416 sit
1893 1369 1979 1416 tihi

560 1448 691 1515 quod
731 1447 952 1494 volumus
984 1457 1038 1494 ut
1072 1446 1129 1493 ad
1161 1446 1251 1495 hoc
1291 1457 1335 1494 te
1365 1464 1600 1512 praepares
1640 1457 1723 1504 ut,
1760 1449 1981 1511 quando-

562 1543 767 1590 cumque
801 1523 1088 1572 Hrotbertus
1125 1525 1199 1589 (3)
1237 1542 1393 1572 comes
1432 1535 1479 1572 et
1518 1525 1576 1571 H.
1622 1526 1788 1571 missus
1821 1536 1983 1574 noster

560 1621 646 1667 per
676 1613 721 1648 te
748 1599 889 1648 nobis
918 1600 1096 1666 aliquid
1125 1601 1347 1648 mandare
1370 1601 1639 1659 voluerint,
1668 1602 1854 1659 statim,
1882 1604 1983 1650 sine

561 1696 696 1727 mora
719 1678 794 1725 vel
815 1678 970 1744 aliqua
995 1678 1240 1736 tarditate,
1269 1696 1376 1725 cum
1403 1679 1504 1743 ipso
1528 1678 1772 1736 mandato,
1799 1678 1856 1726 ad
1882 1681 1984 1725 Tu-

563 1775 705 1805 rones
729 1759 801 1821 (4)
826 1774 1021 1822 pergere
1044 1757 1194 1822 possis
1221 1777 1230 1802 ε
1262 1757 1371 1821 quia
1402 1755 1466 1802 ibi
1494 1767 1575 1802 aut
1602 1773 1688 1804 nos
1718 1758 1869 1821 ipsos,
1901 1768 1984 1803 aut

561 1836 783 1883 dilectam
807 1837 1060 1900 conjugem
1086 1846 1323 1892 nostram,
1345 1835 1554 1882 Domino
1579 1835 1793 1894 volente,
1822 1836 1984 1882 inven-

563 1924 699 1958 turus
719 1929 782 1958 es.
810 1911 929 1959 Vide
955 1922 1006 1958 ut
1030 1911 1213 1958 nullam
1236 1910 1405 1958 exinde
1434 1910 1600 1958 habeas
1619 1911 1979 1977 negligentiam,

562 1991 598 2037 si
622 1991 821 2056 gratiam
848 2001 1064 2038 nostram
1087 1990 1201 2037 velis
1223 1988 1412 2037 habere.

826 2222 961 2262 XXII,
992 2224 1058 2260 AD
1089 2225 1131 2262 A.
1163 2223 1363 2262 MISSUM
1392 2222 1715 2261 DOMINICUM.

629 2331 814 2378 Dilecto
833 2330 971 2376 fratri
995 2341 1042 2376 et
1059 2330 1213 2376 amico
1232 2329 1290 2375 A.
1314 2330 1456 2375 misso
1483 2328 1751 2385 dominico,
1775 2325 1983 2374 Einhar-

564 2409 652 2456 dus
671 2408 1008 2472 sempiternam
1028 2407 1077 2452 in
1096 2407 1310 2453 Domino
1331 2406 1547 2453 salutem.
1572 2404 1876 2451 —Putabam
1893 2404 1981 2450 tibi

564 2486 687 2534 hene
706 2486 955 2550 cognitum
975 2502 1071 2532 esse
1092 2484 1222 2549 quod
1242 2483 1459 2532 homines
1477 2485 1654 2541 nostri,
1681 2501 1800 2549 quos
1817 2485 1867 2530 in
1885 2482 1982 2529 istis

608 2667 659 2711 (1)
683 2662 776 2699 Cod.
797 2662 989 2696 delectam.

607 2725 658 2769 (2)
684 2721 776 2758 Cod.
799 2721 1086 2768 neglegendam.

608 2782 658 2828 (5)
684 2783 755 2817 Hic
775 2780 854 2816 cod.
876 2787 1018 2815 tantuin
1039 2779 1149 2813 habet
1169 2777 1252 2811 Hrl.

608 2845 658 2888 (4)
683 2842 772 2877 Cod.
795 2842 975 2875 'J’itt-otms.
