1979 3348
498 200 757 240 APPENDIX
786 200 1000 240 ALTERA.
1376 203 1452 240 169

42 299 66 325 a
82 281 201 325 vobis
217 282 435 325 institutus
448 282 538 340 jam
557 292 680 326 antea
699 299 791 325 sum
807 317 817 335 ,
842 283 1046 326 maximas
1060 297 1189 340 agens
1206 281 1453 341 habensque

41 359 197 417 gratias
212 391 223 411 ,
245 356 350 416 quid
371 358 487 401 Deus
514 370 661 402 vestrae
684 358 1064 417 indulgentissimae
1085 359 1287 417 dignetur
1313 360 1449 418 inspi-

41 451 134 478 rare
153 435 300 494 pietati
323 434 530 478 sollicitus
559 435 851 495 praestolabor.

98 512 245 555 Medio
269 513 410 565 Maio,
436 514 522 555 vita
556 513 736 565 comite,
763 513 866 554 hinc
897 511 1094 554 recedere
1133 512 1318 554 decrevi.
1346 512 1449 571 Quo

38 600 253 649 tempore,
285 590 376 632 Deo
400 589 592 641 volente,
627 589 736 631 sicut
757 588 902 640 vohis,
932 589 966 630 si
995 587 1305 641 recordamini,
1337 588 1450 640 dixi,

40 665 93 709 ad
113 682 189 709 vos
207 675 412 709 venturus
432 681 549 718 sum,
574 675 614 707 et
632 665 798 724 aliquot
815 664 930 724 apud
953 681 1029 707 vos
1052 665 1140 707 dies
1162 664 1380 720 facturus,
1407 676 1454 708 ut

38 754 79 786 et
115 744 248 786 libros
288 753 447 786 vestros
485 743 607 785 vobis
652 745 896 796 restituam,
937 753 978 786 et
1020 743 1177 802 quibus
1226 743 1454 801 indiguero

40 821 228 875 discam,
251 821 456 881 fruarque
488 821 741 880 aliquandiu
776 832 915 865 vestro
952 822 1200 864 suavissimo
1239 820 1454 880 alloquio,

39 910 166 959 atque
188 899 397 943 informer
416 900 524 942 mihi
548 901 788 958 gratissimo
818 910 966 944 vestrae
989 900 1209 959 gravitatis
1237 909 1279 941 et
1300 899 1456 941 hones-

40 977 134 1019 tatis
165 977 376 1036 exemplo.
400 977 511 1019 Nam
541 993 608 1019 me
646 977 730 1020 hoc
765 987 957 1036 tempore
995 976 1282 1019 discessurum
1315 975 1456 1017 inanis

39 1053 160 1097 vobis
195 1053 309 1096 fama
342 1054 518 1097 mentita
556 1065 633 1097 est.
667 1054 803 1114 Quod
837 1055 935 1108 etsi,
969 1053 1088 1114 quod
1130 1054 1300 1113 penitus
1327 1051 1454 1103 nolo,

41 1133 330 1191 contingeret,
368 1133 427 1175 sic
462 1149 635 1191 quoque
673 1132 727 1175 ad
762 1149 838 1176 vos
869 1134 958 1176 sine
993 1133 1126 1175 dubio
1159 1146 1453 1191 properarem.

40 1210 206 1252 Tantus
223 1209 337 1252 enim
352 1209 460 1252 mihi
470 1211 599 1252 vestri
618 1225 739 1253 amor
758 1210 987 1264 incumbit,
1010 1220 1058 1253 ut
1072 1209 1319 1252 nullatenus
1336 1207 1460 1251 vobis

39 1286 277 1331 insalutatis
299 1322 310 1341 ,
363 1297 695 1348 sanctorumque
746 1289 986 1347 Martyrum
1031 1287 1227 1347 neglecto
1272 1286 1459 1347 patroci-

39 1363 138 1416 nio,
163 1363 217 1406 ad
243 1365 424 1423 patriam
448 1381 699 1408 remearem.
728 1366 867 1425 Cupio
904 1376 943 1409 te
978 1367 1063 1408 mei
1092 1382 1326 1409 memorem
1349 1365 1459 1408 bene

39 1440 179 1484 valere
197 1443 240 1483 in
259 1443 465 1495 Domino,
480 1444 780 1501 prosperisque
794 1442 956 1502 pollere
969 1442 1250 1495 successibus,
1265 1441 1457 1493 domine,

40 1517 426 1562 desiderantissime
451 1529 569 1578 pater
592 1530 633 1563 et
655 1519 707 1562 de
735 1536 802 1563 me
826 1521 984 1579 optime
1013 1535 1088 1578 per
1119 1520 1264 1562 omnia
1290 1520 1457 1561 merite.

714 1667 789 1706 IV.

100 1759 137 1802 F
140 1759 330 1804 idissimo
353 1763 469 1804 Patri
502 1761 723 1804 Einhardo
752 1762 900 1818 Lupus
922 1760 1189 1802 salutem.—-
1206 1756 1462 1799 Memoriam

42 1851 116 1878 vos
147 1837 304 1880 habere
327 1839 413 1880 mei
440 1854 569 1896 quam
602 1847 772 1896 gratum
806 1837 1013 1888 habeam,
1034 1849 1308 1893 nequaquam
1337 1831 1464 1874 'facile

43 1912 161 1956 dictu
188 1925 276 1966 est,
312 1917 545 1974 praesertim
578 1931 677 1957 cum
702 1915 945 1956 eminentiae
966 1923 1113 1955 vestrae
1147 1911 1385 1954 sublimitas
1413 1924 1462 1950 eo

43 2006 177 2049 usque
196 2008 237 2034 se
255 1992 522 2045 submiserit,
543 2003 590 2035 ut
602 1992 810 2036 ultroneae
831 1991 1101 2034 salutationis
1118 2004 1275 2031 munus
1300 2003 1348 2030 ac
1369 1987 1465 2029 vitae

43 2066 319 2128 [accipereP]
340 2071 589 2121 meruerim,
617 2070 813 2128 quamvis
835 2069 1072 2128 optaverim
1089 2067 1238 2110 vestris
1257 2065 1378 2108 refici
1396 2064 1466 2108 lit-

43 2145 143 2187 teris
162 2179 172 2198 ,
192 2156 489 2205 quantumque
511 2147 602 2204 jam
626 2156 748 2189 aestus
772 2147 835 2188 rei
867 2155 978 2188 notae
995 2144 1260 2187 deferbuerit
1277 2142 1440 2185 discere
1454 2175 1465 2194 ,

43 2232 168 2280 atque
191 2224 226 2266 si
249 2223 371 2267 vobis
403 2224 506 2266 hinc
541 2240 565 2266 a
596 2224 803 2282 parvitate
827 2238 922 2265 mea
949 2223 1182 2281 quicquam
1217 2218 1466 2279 persuaderi

45 2300 244 2356 potuerit.
274 2301 366 2359 Ego
387 2310 522 2354 certe,
542 2300 910 2360 quemadmodum
933 2299 1151 2358 pollicitus
1180 2313 1273 2340 sum
1291 2330 1302 2350 ,
1329 2306 1370 2339 et
1387 2311 1465 2355 pro

45 2375 159 2419 illius
182 2378 408 2420 carissimae
426 2379 683 2437 sempiterno
704 2376 929 2435 refrigerio
949 2376 1189 2436 specialiter
1205 2391 1254 2418 ac
1272 2373 1466 2433 quotidie

45 2453 283 2496 Dominum
301 2455 512 2514 supplico,
527 2465 584 2508 et,
597 2455 716 2514 quod
732 2455 855 2498 vobis
872 2454 939 2497 vel
958 2456 1003 2497 in
1022 2454 1221 2514 praesenti
1239 2452 1306 2495 vel
1322 2452 1469 2495 'futura

46 2530 131 2572 vita
170 2529 442 2573 conducibile
479 2531 630 2585 credo,
661 2532 857 2590 vigilanti
897 2532 1211 2591 perseverantia
1251 2528 1466 2588 postulare

49 2623 135 2649 non
169 2607 335 2650 desino.
379 2608 665 2652 Proficiamne
705 2610 867 2669 aliquid
887 2643 896 2661 ,
932 2626 1006 2653 vos
1044 2609 1225 2651 'forsitan
1258 2607 1463 2649 sentiatis.

50 2684 394 2745 Haudquaquam
422 2697 562 2729 tamen
587 2687 871 2731 dubitaverim
898 2688 1052 2730 harum
1076 2686 1267 2728 fructum
1292 2683 1466 2744 petitio-

52 2777 155 2805 num
174 2763 218 2806 in
238 2762 382 2807 divina
401 2765 672 2808 miseratione
694 2782 901 2825 reponere
917 2799 927 2818 ,
953 2782 999 2807 ac
1026 2764 1124 2807 licet
1147 2780 1311 2815 serum,
1333 2778 1471 2821 quan-
