2105 3348
511 242 536 279 6
940 236 1197 275 EINHARDI
1228 235 1501 274 EPISTOLAE.

509 318 604 365 lam
627 317 804 365 hahent
833 334 1021 374 curam,
1054 316 1104 362 in
1128 333 1184 363 eo
1209 314 1340 379 quod
1364 332 1460 361 suae
1486 315 1763 364 avidissimae
1789 319 1928 381 cupi-

508 395 644 442 ditati
670 394 934 442 satisfacere
958 393 1158 441 valeant.
1189 393 1318 458 Opto
1350 404 1404 439 ut
1425 411 1611 458 semper
1632 395 1822 443 valeatis
1847 396 1925 460 [in

508 473 759 535 Dominol.

928 623 1007 661 111.
1040 624 1107 661 AD
1138 623 1509 662 AMALHARIUM.

574 729 978 777 Reverentissimo
1001 728 1178 776 Christi
1200 729 1382 777 famulo
1399 728 1697 788 Amalhario‚
1720 730 1933 778 Einhar-

509 803 597 849 dus
617 812 855 867 peccator.
873 830 938 839 —
950 800 1121 850 Nescio
1138 803 1245 868 quis
1264 803 1500 867 praevenit
1519 802 1777 851 adventum
1798 806 1932 869 pueri

509 881 683 940 vestri,
715 881 799 946 qui
831 879 948 927 mihi
982 880 1162 928 litteras
1187 890 1363 928 vestras
1395 881 1583 938 attulit,
1613 892 1660 929 et
1694 882 1851 929 effecit
1882 892 1935 928 ut

511 957 599 1005 tibi
626 959 899 1006 mandarem
926 959 1001 1023 (ι)
1029 959 1127 1006 cito
1154 968 1386 1024 quatenus
1413 960 1483 1023 (2)
1506 961 1731 1024 proximo
1756 960 1934 1006 Palma-

510 1053 622 1084 rum
647 1037 723 1084 die
746 1036 804 1084 ad
834 1038 1173 1102 imperatorem
1198 1038 1416 1086 venisses.
1440 1037 1531 1086 Sed
1550 1049 1804 1104 postquam
1828 1039 1936 1085 istas

513 1114 695 1162 litteras
732 1124 908 1162 vestras
946 1116 1131 1180 accepi,
1173 1126 1221 1162 et
1252 1116 1589 1180 imperatorem
1609 1151 1621 1173 ,
1654 1116 1711 1163 de
1735 1116 1807 1162 his
1828 1134 1938 1181 quae

514 1193 735 1252 voluisti,
764 1194 1077 1259 interrogavi,
1100 1194 1329 1259 praecepit
1355 1194 1471 1240 mihi
1491 1193 1626 1242 vobis
1651 1193 1859 1242 scribere
1884 1205 1939 1241 ut

513 1281 732 1317 sanctum
755 1270 940 1317 Paschae
964 1271 1091 1319 diem
1114 1272 1242 1320 domi
1270 1271 1589 1320 celebrassetis
1611 1274 1706 1336 (ὅ),
1736 1283 1783 1320 et
1804 1283 1941 1320 caete-

513 1366 624 1396 rum
647 1351 932 1397 comitatum
953 1361 1166 1397 vestrum
1191 1360 1300 1415 post
1322 1368 1404 1398 vos
1423 1351 1589 1398 venire
1606 1349 1863 1414 juberetis,
1884 1368 1940 1398 eo

516 1425 661 1475 modo
686 1437 763 1484 ut,
787 1426 981 1493 quando
1007 1426 1086 1474 ille
1110 1427 1166 1474 ad
1191 1445 1272 1475 vos
1291 1428 1340 1474 in
1357 1427 1535 1492 palatio
1554 1428 1775 1485 venisset,
1802 1445 1942 1474 man-

514 1501 635 1550 datis
662 1504 891 1568 acceptis,
917 1514 965 1551 et
988 1504 1175 1552 ratione
1200 1505 1449 1570 legationis
1472 1515 1640 1552 vestrae
1661 1503 1797 1552 vobis
1825 1504 1943 1551 insi-

517 1590 690 1639 nuata,
726 1582 827 1629 sine
852 1600 987 1630 mora
1022 1584 1113 1629 iter
1147 1593 1359 1630 vestrum
1397 1583 1586 1648 aggredi
1618 1583 1694 1646 (4)
1729 1582 1938 1630 valeatis.

518 1657 645 1723 Opto
671 1669 725 1705 ut
751 1677 937 1726 semper
961 1659 1083 1707 bene
1107 1660 1296 1708 valeatis
1321 1661 1370 1706 in
1398 1661 1629 1708 Domino.

738 1895 806 1934 IV.
838 1897 906 1934 AD
936 1896 1216 1935 OTGARIUM
1248 1894 1723 1934 ARCHIEPISCOPUM.

582 2002 799 2049 Domino
823 2012 988 2050 sancto
1008 2013 1055 2050 et
1078 2003 1254 2050 merito
1276 2001 1537 2050 venerabili
1564 2001 1787 2067 otgario,
1811 2016 1946 2047 reve—

520 2077 672 2125 rendo
706 2078 1092 2144 archiepiscopo,
1126 2078 1399 2126 Einhardus
1439 2088 1678 2144 peccator.
1698 2107 1760 2114 —-
1780 2078 1948 2123 Frater

517 2155 634 2216 iste,
670 2156 870 2204 nomine
894 2156 1209 2213 Werdricus,
1238 2156 1296 2204 de
1320 2155 1692 2221 congregatione
1717 2155 1764 2201 S.
1794 2154 1948 2201 Boni-

510 2231 622 2280 facii
646 2243 742 2292 est,
769 2244 817 2281 et
841 2246 1153 2283 conversatur
1171 2235 1296 2300 apud
1319 2252 1407 2283 nos
1429 2252 1516 2299 per
1538 2234 1783 2281 licentiam
1802 2231 1950 2278 abba-

515 2311 576 2358 tis
610 2312 709 2371 sui,
745 2330 838 2378 pro
873 2330 931 2362 eo
964 2312 1097 2379 quod
1129 2323 1294 2361 noster
1329 2313 1632 2378 propinquus
1666 2321 1753 2359 est.
1788 2311 1944 2372 Quem

560 2532 613 2577 (1)
639 2531 793 2567 Pristini
813 2530 975 2577 editores
993 2531 1055 2566 hic
1072 2531 1212 2568 habent
1233 2546 1240 2566 :
1261 2531 1525 2576 mandaret‚et
1538 2529 1727 2580 sequentis
1751 2528 1849 2564 vocis
1867 2529 1940 2563 cito

514 2591 673 2639 spatium
689 2603 756 2638 per
771 2597 909 2639 puncta
927 2590 1104 2627 indicant.

558 2651 611 2697 (2)
635 2650 730 2688 Cod.
749 2653 936 2699 quatinus.

558 2710 609 2757 (3)
633 2711 727 2747 cod.
742 2711 991 2747 celebrasetis.

560 2771 612 2815 (4)
637 2770 729 2807 Cod.
756 2769 929 2818 adgredi«
