2105 3348
548 339 597 377 42
972 333 1222 371 emmam
1257 333 1528 372 EPISTOLAE.

545 417 670 462 ultra
691 416 904 461 Hrenum
920 430 1106 460 mansos
1124 430 1172 459 v.
1197 416 1298 477 lpse
1317 413 1541 460 vulteum
1558 413 1808 474 beneficio,
1830 416 1957 480 quod

547 494 596 538 in
623 493 921 537 Tornaeense
952 499 1022 535 est
1040 525 1053 546 ,
1085 490 1260 536 servire
1289 489 1470 536 domno
1503 490 1808 554 imperatori,
1836 502 1882 538 et
1904 502 1958 536 ut

544 570 693 615 frater
724 584 860 624 suu5‚
888 584 997 613 cum
1028 567 1111 615 illo
1141 568 1271 633 quod
1303 568 1428 614 ultra
1459 569 1673 615 Hrenum
1705 579 1802 626 est,
1830 587 1875 616 se
1903 570 1958 614 ad

547 647 608 692 N.
643 644 973 702 commandet‚
1004 655 1050 692 et
1081 657 1238 694 tamen
1271 646 1593 694 communiter
1626 646 1743 692 illud
1777 646 1960 694 benefi-

547 724 673 769 cium
698 733 855 770 totum
879 722 1084 770 habeant
1106 745 1116 771 ε
1138 725 1216 772 sed
1238 724 1315 772 ille
1336 742 1434 772 non
1461 727 1563 771 vult
1582 726 1621 772 ei
1646 724 1703 771 ad
1727 723 1817 772 hoc
1841 743 1961 772 con-

548 801 748 858 sentire,
783 801 873 847 nisi
909 801 1114 848 domnus
1151 803 1410 867 imperator
1444 803 1510 848 illi
1544 803 1804 867 praecipiat.
1840 803 1961 849 Nam

547 878 638 923 nisi
659 876 749 925 hoc
771 877 951 924 factum
966 877 1114 926 fuerit
1126 915 1139 936 ,
1166 880 1374 944 perdunt
1392 879 1508 926 illud
1527 878 1814 927 beneficium
1832 879 1961 945 quod

549 954 673 1000 ultra
708 955 924 1001 Hrenum
956 954 1152 1003 habent.
1182 955 1293 1004 Ideo
1321 965 1542 1021 precatur
1568 955 1832 1003 bonitatem
1861 973 1965 1002 ves-

548 1041 672 1077 tram
691 1041 744 1077 ut
764 1031 872 1079 inde
887 1032 1120 1079 domnum
1144 1034 1478 1098 imperatorem
1498 1051 1663 1098 rogare
1681 1033 1961 1098 dignemini,

548 1118 602 1154 ut
629 1108 829 1156 fratrem
857 1113 955 1174 ejus
983 1111 1048 1157 sic
1076 1110 1230 1158 facere
1250 1110 1416 1176 jubeat
1443 1131 1452 1157 :
1482 1121 1528 1158 et
1556 1111 1653 1175 ipse
1680 1120 1868 1175 paratus
1898 1120 1967 1157 est

547 1185 697 1233 facere
720 1186 1022 1245 firmitatem,
1055 1188 1243 1254 qualem
1270 1188 1450 1236 domno
1474 1188 1750 1252 imperatori
1777 1188 1967 1252 placue—

548 1263 641 1320 rit,
680 1264 812 1328 quod
841 1263 1129 1312 beneficium
1159 1284 1296 1312 suum
1323 1267 1646 1313 communiter
1677 1283 1786 1312 cum
1818 1265 1965 1311 fratre

551 1359 636 1389 suo
670 1341 844 1390 habere
876 1343 980 1389 vult
1017 1362 1202 1409 semper
1238 1346 1333 1408 (1).
1372 1344 1499 1408 Opto
1532 1355 1585 1390 ut
1627 1361 1810 1408 semper
1846 1342 1965 1391 bene

548 1418 737 1466 valeatis
761 1419 808 1465 in
836 1419 1064 1468 Domino.

901 1575 1053 1614 XXIX.
1085 1578 1152 1615 AD
1183 1577 1227 1615 N.
1258 1576 1614 1615 SACERDOTEM.

615 1682 826 1731 Domino
853 1692 1016 1730 sancto
1043 1693 1090 1731 et
1114 1684 1290 1731 merito
1313 1681 1574 1730 venerabili
1599 1682 1659 1729 N.
1687 1683 1857 1729 summi
1885 1682 1967 1728 Dei

551 1761 809 1820 sacerdoti,
838 1761 1109 1808 Einhardus
1129 1773 1367 1826 peccator.
1397 1790 1460 1798 —-
1489 1761 1776 1809 Venientem
1800 1761 1856 1807 ad
1882 1778 1969 1808 nos

549 1839 855 1895 Eburonem,
881 1840 1210 1904 propinquum
1234 1851 1280 1887 et
1300 1839 1486 1887 fidelem
1511 1849 1721 1887 vestrum
1740 1840 1832 1902 (2),
1858 1856 1968 1903 gra-

552 1919 668 1964 tanti
686 1918 847 1964 animo
860 1918 1167 1981 suscepimus,
1184 1919 1503 1965 existimantes
1524 1935 1631 1964 eum
1652 1917 1830 1964 diutius
1843 1917 1967 1981 apud

551 2013 640 2043 nos
664 2013 759 2042 esse
787 2013 1084 2042 mansurum.
1114 1996 1202 2043 Sed
1228 1996 1338 2061 quia
1368 1995 1445 2043 ille
1471 1996 1528 2042 ad
1549 2013 1632 2043 vos
1656 1995 1810 2043 redire
1832 1994 1969 2041 festi-

552 2083 661 2129 nat,
688 2072 931 2120 noluimus
951 2072 1087 2119 illum
1105 2074 1205 2121 sine
1228 2074 1400 2120 litteris
1423 2074 1599 2121 nostris
1621 2073 1885 2127 dimittere,
1909 2089 1969 2118 ne

552 2150 588 2195 si
637 2150 793 2196 vacuis
829 2150 900 2213 (3)
932 2149 1152 2196 manibus
1190 2150 1393 2207 rediret,
1428 2150 1485 2196 ad
1524 2168 1613 2196 nos
1653 2167 1754 2196 non
1788 2149 1969 2195 venisse

553 2238 802 2292 putaretur
827 2229 918 2292 (4).
947 2231 1019 2275 De
1039 2227 1110 2274 his
1132 2238 1287 2275 tamen
1309 2228 1454 2275 causis
1470 2264 1483 2286 ,
1514 2228 1638 2275 unde
1667 2246 1713 2275 se
1740 2228 1855 2273 certi
1888 2226 1970 2272 ali‹v

552 2304 667 2369 quid
698 2305 755 2350 ad
783 2322 866 2352 vos
896 2304 1151 2350 allaturum
1180 2305 1493 2362 existimavit,
1533 2304 1654 2351 nihil
1687 2302 1822 2351 vobis
1852 2303 1967 2349 certi

553 2381 842 2446 significare,
870 2392 952 2427 aut
973 2399 1059 2446 per
1088 2381 1220 2428 illum
1257 2382 1462 2429 indicare
1489 2399 1708 2447 possum,
1733 2381 1840 2445 quia
1869 2397 1971 2425 mu-

602 2535 653 2580 (1)
679 2534 777 2569 Edit.
799 2534 933 2578 habere
951 2548 1023 2570 non
1043 2537 1125 2570 vult
1143 2549 1305 2582 sempev:
1336 2537 1398 2572 sed
1417 2549 1482 2571 vox
1509 2550 1600 2580 mm,
1627 2538 1790 2585 quamvis
1813 2536 1906 2571 adsit
1930 2537 1967 2570 in

555 2594 699 2637 codice,
719 2595 960 2641 expungenda
978 2603 1051 2638 est,
1075 2609 1176 2639 cum,
1197 2596 1383 2631 submissis
1401 2597 1564 2644 punctis,
1590 2597 1632 2632 ab
1653 2598 1731 2644 ipso
1749 2596 1968 2643 exscriptore

556 2655 661 2689 irrita
679 2654 770 2689 sacta
789 2654 909 2689 fuerit.

603 2714 653 2758 (2)
675 2712 769 2748 Cod.
792 2719 967 2748 vestram.

601 2771 651 2818 (5)
675 2773 765 2807 Cod.
787 2775 941 2808 cvacuis.

602 2833 651 2874 Μ)
676 2833 767 2868 Cod.
788 2836 934 2868 venisse
953 2846 1023 2868 non
1042 2840 1242 2878 palarclur.
