2105 3348
577 268 624 304 28
1006 263 1256 302 ElNHARDI
1291 262 1562 301 EPISTOLAE.

574 362 722 390 mum.
754 344 862 391 ldeo
881 354 1016 407 rogat
1038 353 1088 388 ut
1112 360 1219 389 eum
1240 342 1285 387 in
1315 351 1501 388 tantum
1532 342 1799 405 periculum
1825 352 1991 387 vestrae

565 423 791 486 jussionis
819 421 1074 468 auctoritas
1101 439 1200 468 non
1227 420 1438 484 impellat
1464 420 1537 483 (ι)
1562 440 1572 465 z
1601 419 1688 465 sibi
1713 437 1839 466 curae
1866 437 1960 466 esse
1978 455 1988 475 ,

573 517 717 564 seque
748 497 999 563 providere
1025 508 1079 544 ut
1107 516 1215 544 cum
1241 509 1458 546 exactore
1484 496 1757 555 heribanni,
1794 498 1829 543 si
1852 514 1994 544 vene-

574 578 662 632 rit,
685 587 732 623 et
758 594 867 623 eum
888 576 1268 640 compellaverit,
1296 576 1396 622 sine
1419 585 1577 621 vestro
1606 573 1767 621 labore
1790 592 1836 621 se
1864 575 1995 638 paci-

576 654 702 699 ficet.
739 652 850 700 Non
881 670 964 700 vos
996 670 1213 718 rogarem
1239 653 1295 699 de
1327 651 1411 698 hac
1444 669 1601 707 causa,
1636 651 1725 696 nisi
1761 651 1994 715 angustias

574 732 670 793 ejus
686 741 827 795 atque
845 731 1054 795 pericula
1071 742 1313 795 comperta
1333 729 1573 777 haberem.
1597 728 1723 793 Opto
1740 738 1792 774 ut
1811 745 1994 792 semper

574 806 695 855 bene
718 809 924 856 valeatis.

747 1431 901 1469 XVIII.
937 1431 1001 1468 AD
1034 1430 1408 1469 MARCHRADUM
1440 1431 1834 1470 VICEDOMINUM.

1180 1520 1238 1557 De
1268 1522 1393 1558 venia.

641 1616 828 1663 Dilecto
852 1616 1004 1662 amico
1029 1626 1197 1663 nostro
1216 1616 1515 1673 Mar-ebrado,
1541 1618 1751 1682 glorioso
1773 1617 1849 1681 (2)
1876 1618 2001 1663 vice-

577 1694 801 1750 domino,
827 1692 1094 1739 Einhardus
1126 1703 1355 1741 aeternam
1384 1696 1432 1741 in
1459 1695 1671 1743 Domino
1702 1696 1919 1742 salutem.
1940 1721 2003 1731 —-

576 1775 684 1819 Duo
699 1772 819 1818 servi
839 1772 886 1817 S.
904 1771 1121 1827 Martini,
1141 1771 1198 1818 de
1214 1773 1321 1819 villa
1338 1772 1611 1829 Hedabach‚
1627 1776 1826 1822 nomine
1842 1773 2002 1821 Willi-

577 1867 756 1896 rannus
781 1860 827 1896 et
850 1847 1104 1905 otbertus,
1131 1850 1456 1915 confugerunt
1476 1851 1550 1914 (ὅ)
1576 1851 1632 1897 ad
1651 1852 1816 1897 limina
1840 1850 2003 1897 beato-

578 1945 687 1973 rum
724 1926 897 1972 Christi
937 1937 1206 1991 martyrum
1247 1928 1511 1975 Marcellini
1547 1940 1593 1975 et
1634 1929 1789 1983 Petri,
1829 1944 1920 1992 pro
1948 1944 2003 1974 eo

577 2004 710 2069 quod
740 2002 890 2051 frater
927 2020 1094 2051 eorum
1129 2004 1383 2069 quemdam
1417 2005 1484 2069 (4)
1512 2007 1693 2053 socium
1718 2023 1857 2052 suum
1881 2005 2006 2053 occi-

578 2081 721 2129 disset
740 2103 749 2128 :
769 2092 992 2147 rogantes
1010 2092 1065 2127 ut
1083 2083 1148 2129 eis
1170 2082 1309 2129 liceat
1326 2083 1508 2131 solvere
1532 2083 1668 2130 illum
1685 2082 2004 2147 weregeldum

577 2176 667 2222 pro
707 2158 854 2205 fratre
893 2175 1006 2214 suo,
1047 2169 1094 2206 et
1131 2171 1185 2205 ut
1221 2160 1262 2206 ei
1296 2159 1512 2207 membra
1547 2161 1880 2225 perdonentur
1911 2160 2001 2224 (5).

627 2382 677 2426 (ι)
704 2380 795 2416 Cod.
815 2381 986 2426 inpellat.

627 2452 678 2495 (2)
705 2451 784 2485 Hoc
802 2449 954 2485 verbum
973 2450 1011 2483 in
1028 2447 1137 2484 editis
1156 2448 1398 2484 desideratur.

629 2516 679 2563 (3)
704 2517 801 2552 Edit.
816 2517 1014 2563 ficgerzctzt.

627 2586 678 2630 (4)
704 2583 798 2620 Cod.
817 2573 1017 2631 quendam.

627 2653 680 2699 (5)
704 2652 798 2689 Cod.
818 2652 1096 2700 prodonentur;
1116 2651 1211 2686 hanc
1229 2663 1374 2694 vocem,
1400 2663 1484 2685 cum
1505 2649 1614 2685 editis
1628 2677 1637 2692 ‚
1659 2649 1912 2685 emendamus.
1934 2648 2007 2683 Ubi

582 2714 681 2748 enim
707 2719 846 2748 veteres
872 2712 983 2748 verbo
1010 2710 1267 2747 condonentur
1293 2711 1346 2745 usi
1372 2710 1546 2753 fuissent,
1580 2709 1691 2744 medii
1723 2709 1783 2743 aevi
1813 2708 2007 2755 scriptores

585 2773 735 2807 verbum
751 2773 1006 2817 perdonentur
1024 2778 1214 2818 usurpant.
