2105 3348
508 251 530 285 8
930 247 1183 284 EINHARDI
1215 245 1484 284 EPISTOLJE.

509 326 614 374 ideo
641 344 769 373 nunc
793 325 848 372 ad
876 341 956 370 vos
978 324 1053 388 (1)
1078 325 1337 382 mittimus,
1359 336 1413 371 ut
1436 342 1545 372 eum
1565 326 1621 372 ad
1642 326 1917 374 diaconatus

506 405 714 451 officium
745 403 967 452 ordinare
990 402 1223 467 jubeatis,
1259 404 1294 449 si
1324 402 1535 450 videritis
1569 403 1660 451 hoc
1691 406 1917 454 canonice

507 483 606 529 fieri
648 500 781 546 posse
815 499 900 545 per
935 481 1073 528 talem
1105 483 1372 539 rationem,
1410 499 1519 546 quae
1558 483 1834 530 continetur
1869 485 1915 529 in

505 560 698 623 epistola
732 557 913 604 abbatis
944 561 1065 622 ejus,
1098 577 1240 624 quam
1269 577 1426 624 nuper
1453 560 1511 606 ad
1538 577 1639 617 me,
1672 577 1780 606 cum
1810 579 1918 608 eum

504 636 560 683 de
592 636 752 683 eadem
784 654 917 682 causa
949 636 1021 700 (2)
1053 637 1348 684 consulerem
1387 648 1531 702 atque
1567 654 1812 701 rogarem,
1843 638 1920 683 di-

504 713 661 770 rexit;
705 731 849 778 quam
889 713 1030 760 etiam
1069 713 1203 760 vobis
1245 732 1331 779 per
1370 714 1589 762 eumdem
1626 714 1823 761 fratrem
1863 715 1920 760 ad

504 790 755 856 legendum
782 791 905 848 misi,
934 792 981 838 in
1007 808 1117 856 qua,
1142 803 1195 838 ut
1215 791 1443 848 arbitror,
1472 793 1631 838 statim
1656 792 1920 857 intelligere

504 868 699 932 potestis
725 878 889 914 utrum
923 868 999 915 illa
1029 870 1323 917 consecratio
1354 870 1499 917 modo
1529 869 1629 916 fieri
1658 870 1830 933 possit,
1860 887 1918 915 an

506 947 554 992 in
580 946 706 993 aliud
731 956 917 1011 tempus
940 947 1198 995 differenda
1222 949 1300 994 sit.
1327 948 1425 995 Oro
1448 958 1495 995 et
1520 958 1638 1012 opto
1664 959 1718 994 ut
1742 948 1921 994 sancti-

505 1033 651 1070 tatem
669 1034 893 1080 vestram,
914 1022 1001 1070 sibi
1019 1023 1188 1071 devote
1214 1025 1518 1083 servientem,
1546 1041 1747 1088 superna
1772 1025 1919 1088 gratia

505 1118 690 1166 semper
712 1112 758 1149 et
783 1100 960 1167 ubique
990 1102 1223 1149 custodiat
1242 1138 1254 1159 ‚
1292 1102 1580 1149 sanctissime
1611 1120 1664 1148 ac
1697 1119 1920 1148 reveren-

504 1179 680 1226 tissime
704 1190 855 1243 pater.

838 1578 886 1616 V.
918 1579 985 1616 AD
1013 1577 1249 1616 JACOBUM
1280 1575 1585 1615 EPISCOPUM.

1010 1684 1068 1721 De
1087 1683 1328 1721 ordinatione
1349 1683 1418 1734 (3).

573 1789 846 1839 Venerabili
876 1789 925 1836 in
956 1789 1146 1836 Christo
1176 1785 1383 1847 Jacobo,
1411 1784 1795 1835 reverentissimo
1826 1785 1928 1849 epi-

509 1884 678 1932 scopo,
705 1865 978 1913 Einhardus
1008 1875 1247 1929 peccator.
1268 1893 1332 1899 -—
1350 1865 1440 1911 Iste
1472 1863 1698 1917 clericus,
1730 1861 1929 1909 nomine

509 1946 755 2001 Otmarus‚
786 1943 960 1991 detulit
987 1941 1105 1990 mihi
1139 1942 1320 1989 litteras
1350 1941 1611 1988 sanctitatis
1639 1949 1808 1987 vestrae
1828 1974 1841 1996 ‚
1878 1939 1927 1984 in

507 2023 684 2089 quibus
706 2039 782 2069 me
804 2022 1006 2086 rogastis
1035 2031 1088 2067 ut
1118 2020 1269 2068 eidem
1300 2020 1475 2068 clerico
1500 2019 1745 2066 licentiam
1766 2018 1929 2064 darem

506 2100 756 2148 vobiscum
789 2099 1041 2154 manendi,
1072 2099 1154 2162 qui
1190 2098 1239 2144 in
1274 2097 1359 2144 hac
1390 2097 1586 2162 regione
1619 2105 1666 2143 et
1704 2104 1844 2142 natus
1881 2103 1929 2140 et

509 2178 720 2226 nutritus
752 2187 837 2224 est.
873 2177 938 2223 Et
972 2194 1060 2241 ego
1092 2175 1367 2241 qualitatem
1406 2192 1555 2222 causae
1590 2173 1924 2228 considerans,

506 2255 693 2303 decrevi
728 2271 969 2302 assensum
1007 2254 1082 2317 (4)
1120 2252 1337 2318 praebere
1375 2252 1598 2316 petitioni
1633 2261 1832 2308 vestrae,
1871 2265 1928 2296 eo

508 2333 727 2382 x‘idelicet
759 2332 904 2380 modo
921 2368 934 2388 ,
969 2342 1023 2378 ut
1049 2331 1173 2378 idem
1197 2331 1414 2387 clericus,
1440 2347 1550 2376 cum
1573 2329 1667 2375 suis
1698 2325 1929 2374 fratribus

550 2528 602 2570 (1)
627 2525 692 2560 Hae
710 2530 785 2559 tres
800 2534 904 2558 voces
919 2536 956 2557 n.
976 2535 1011 2557 a.
1030 2535 1069 2557 v.
1085 2535 1105 2557 a
1120 2522 1282 2569 pristinis
1292 2521 1499 2556 editoribus
1509 2520 1648 2556 omissae
1665 2519 1830 2554 fuerunt.

550 2587 601 2632 (2)
626 2583 720 2620 Cod.
740 2583 786 2619 de
806 2573 932 2619 eodehz
946 2596 1074 2618 causa.

552 2643 601 2689 (5)
626 2643 699 2679 Hic
716 2641 867 2678 titulus:
886 2642 942 2677 De
961 2641 1212 2684 ordinatione,
1229 2640 1293 2688 qui
1314 2640 1352 2675 in
1371 2638 1480 2674 editis
1502 2637 1746 2683 desideratur,
1767 2635 1867 2672 adest
1887 2635 1925 2669 'm

506 2704 642 2745 codice,
656 2703 701 2738 ad
714 2702 861 2738 initium
875 2702 1045 2749 epistolae,
1060 2701 1194 2737 litteris
1213 2699 1423 2747 majusculis
1438 2699 1650 2746 inscriptus.

553 2765 602 2809 (4)
628 2763 718 2797 (lod.
734 2762 942 2797 (aliem-um.
