<?xml version="1.0" encoding="UTF-8"?>
<!DOCTYPE html PUBLIC "-//W3C//DTD XHTML 1.0 Transitional//EN"
    "http://www.w3.org/TR/xhtml1/DTD/xhtml1-transitional.dtd">
<html xmlns="http://www.w3.org/1999/xhtml" xml:lang="en" lang="en">
 <head>
  <title>
</title>
<meta http-equiv="Content-Type" content="text/html;charset=utf-8" />
  <meta name='ocr-system' content='tesseract 3.04.00' />
  <meta name='ocr-capabilities' content='ocr_page ocr_carea ocr_par ocr_line ocrx_word'/>
</head>
<body>
  <div class='ocr_page' id='page_1' title='image "./einhardiomniaqua02einhuoft_0236.png"; bbox 0 0 2105 3348; ppageno 0'>
   <div class='ocr_carea' id='block_1_1' title="bbox 618 266 1718 313">
    <p class='ocr_par' dir='ltr' id='par_1_1' title="bbox 618 266 1718 313">
     <span class='ocr_line' id='line_1_1' title="bbox 618 266 1718 313; baseline -0.001 -6"><span class='ocrx_word' id='word_1_1' title='bbox 618 273 695 308; x_wconf 73' lang='lat'>-202</span> <span class='ocrx_word' id='word_1_2' title='bbox 917 266 1154 304; x_wconf 75' lang='lat' dir='ltr'>HISTORIA</span> <span class='ocrx_word' id='word_1_3' title='bbox 1186 267 1606 313; x_wconf 64' lang='lat' dir='ltr'>TRANSLATIONIS,</span> <span class='ocrx_word' id='word_1_4' title='bbox 1642 284 1718 308; x_wconf 58' lang='grc' dir='ltr'>ιτα.</span> 
     </span>
    </p>
   </div>
   <div class='ocr_carea' id='block_1_2' title="bbox 620 346 2026 489">
    <p class='ocr_par' dir='ltr' id='par_1_2' title="bbox 620 346 2026 489">
     <span class='ocr_line' id='line_1_2' title="bbox 620 346 2026 412; baseline -0.001 -16"><span class='ocrx_word' id='word_1_5' title='bbox 620 362 666 396; x_wconf 81' lang='lat' dir='ltr'>et</span> <span class='ocrx_word' id='word_1_6' title='bbox 690 358 873 412; x_wconf 81' lang='lat' dir='ltr'>aperte,</span> <span class='ocrx_word' id='word_1_7' title='bbox 902 365 1005 392; x_wconf 84' lang='lat' dir='ltr'>cum</span> <span class='ocrx_word' id='word_1_8' title='bbox 1034 346 1270 409; x_wconf 81' lang='lat' dir='ltr'>adjutorio</span> <span class='ocrx_word' id='word_1_9' title='bbox 1292 347 1454 410; x_wconf 84' lang='lat' dir='ltr'>populi</span> <span class='ocrx_word' id='word_1_10' title='bbox 1487 349 1809 405; x_wconf 86' lang='lat' dir='ltr'>occurrentis,</span> <span class='ocrx_word' id='word_1_11' title='bbox 1839 359 2026 412; x_wconf 78' lang='lat' dir='ltr'>portare</span> 
     </span>
     <span class='ocr_line' id='line_1_3' title="bbox 621 427 785 489; baseline -0.006 -18"><span class='ocrx_word' id='word_1_12' title='bbox 621 427 785 489; x_wconf 69' lang='lat' dir='ltr'>coepit.</span> 
     </span>
    </p>
   </div>
   <div class='ocr_carea' id='block_1_3' title="bbox 619 657 2041 2810">
    <p class='ocr_par' dir='ltr' id='par_1_3' title="bbox 619 657 2041 2810">
     <span class='ocr_line' id='line_1_4' title="bbox 686 657 2032 722; baseline 0 -18"><span class='ocrx_word' id='word_1_13' title='bbox 686 659 758 704; x_wconf 69' lang='lat'>44.</span> <span class='ocrx_word' id='word_1_14' title='bbox 781 657 870 704; x_wconf 87' lang='lat' dir='ltr'>Ubi</span> <span class='ocrx_word' id='word_1_15' title='bbox 895 668 1052 705; x_wconf 84' lang='lat' dir='ltr'>autem</span> <span class='ocrx_word' id='word_1_16' title='bbox 1079 658 1252 712; x_wconf 86' lang='lat' dir='ltr'>locum,</span> <span class='ocrx_word' id='word_1_17' title='bbox 1275 659 1354 721; x_wconf 89' lang='lat' dir='ltr'>qui</span> <span class='ocrx_word' id='word_1_18' title='bbox 1378 658 1657 721; x_wconf 82' lang='lat' dir='ltr'>Caput-Laci</span> <span class='ocrx_word' id='word_1_19' title='bbox 1679 666 1891 714; x_wconf 78' lang='lat' dir='ltr'>vocat-ur,</span> <span class='ocrx_word' id='word_1_20' title='bbox 1915 676 2032 722; x_wconf 82' lang='lat' dir='ltr'>prae-</span> 
     </span>
     <span class='ocr_line' id='line_1_5' title="bbox 623 733 2031 800; baseline 0.001 -22"><span class='ocrx_word' id='word_1_21' title='bbox 623 748 872 800; x_wconf 71' lang='lat' dir='ltr'>tergressus</span> <span class='ocrx_word' id='word_1_22' title='bbox 888 771 899 789; x_wconf 94' lang='lat'>‚</span> <span class='ocrx_word' id='word_1_23' title='bbox 920 733 1102 781; x_wconf 87' lang='lat' dir='ltr'>bivium</span> <span class='ocrx_word' id='word_1_24' title='bbox 1119 771 1130 791; x_wconf 92' lang='lat'>,</span> <span class='ocrx_word' id='word_1_25' title='bbox 1155 753 1252 800; x_wconf 87' lang='lat' dir='ltr'>quo</span> <span class='ocrx_word' id='word_1_26' title='bbox 1280 736 1445 781; x_wconf 83' lang='lat' dir='ltr'>itinera</span> <span class='ocrx_word' id='word_1_27' title='bbox 1475 735 1520 780; x_wconf 92' lang='lat' dir='ltr'>in</span> <span class='ocrx_word' id='word_1_28' title='bbox 1543 735 1788 781; x_wconf 81' lang='lat' dir='ltr'>Franciam</span> <span class='ocrx_word' id='word_1_29' title='bbox 1814 735 2031 781; x_wconf 78' lang='lat' dir='ltr'><strong>ducentia</strong></span> 
     </span>
     <span class='ocr_line' id='line_1_6' title="bbox 619 813 2032 877; baseline 0 -19"><span class='ocrx_word' id='word_1_30' title='bbox 619 814 930 867; x_wconf 79' lang='lat' dir='ltr'>dirimuntur,</span> <span class='ocrx_word' id='word_1_31' title='bbox 953 814 1138 877; x_wconf 72' lang='lat' dir='ltr'>attigit3</span> <span class='ocrx_word' id='word_1_32' title='bbox 1167 813 1486 860; x_wconf 74' lang='lat' dir='ltr'><strong>dexteriorem</strong></span> <span class='ocrx_word' id='word_1_33' title='bbox 1511 814 1634 858; x_wconf 83' lang='lat' dir='ltr'>viam</span> <span class='ocrx_word' id='word_1_34' title='bbox 1660 814 1918 877; x_wconf 73' lang='lat' dir='ltr'>ingressus,</span> <span class='ocrx_word' id='word_1_35' title='bbox 1948 832 2032 877; x_wconf 85' lang='lat' dir='ltr'>per</span> 
     </span>
     <span class='ocr_line' id='line_1_7' title="bbox 621 889 2033 955; baseline 0 -21"><span class='ocrx_word' id='word_1_36' title='bbox 621 890 999 936; x_wconf 79' lang='lat' dir='ltr'>Alamannorum</span> <span class='ocrx_word' id='word_1_37' title='bbox 1024 890 1138 936; x_wconf 90' lang='lat' dir='ltr'>fines</span> <span class='ocrx_word' id='word_1_38' title='bbox 1158 908 1307 955; x_wconf 84' lang='lat' dir='ltr'>usque</span> <span class='ocrx_word' id='word_1_39' title='bbox 1323 890 1377 935; x_wconf 85' lang='lat' dir='ltr'>ad</span> <span class='ocrx_word' id='word_1_40' title='bbox 1398 889 1704 945; x_wconf 79' lang='lat' dir='ltr'>Solodorum,</span> <span class='ocrx_word' id='word_1_41' title='bbox 1723 889 2033 954; x_wconf 80' lang='lat' dir='ltr'>Burgundio—</span> 
     </span>
     <span class='ocr_line' id='line_1_8' title="bbox 622 965 2034 1031; baseline -0.001 -19"><span class='ocrx_word' id='word_1_42' title='bbox 622 984 733 1012; x_wconf 87' lang='lat' dir='ltr'>num</span> <span class='ocrx_word' id='word_1_43' title='bbox 756 967 1003 1030; x_wconf 87' lang='lat' dir='ltr'>oppidum,</span> <span class='ocrx_word' id='word_1_44' title='bbox 1029 968 1174 1013; x_wconf 89' lang='lat' dir='ltr'>venit.</span> <span class='ocrx_word' id='word_1_45' title='bbox 1190 966 1258 1013; x_wconf 88' lang='lat' dir='ltr'>Ibi</span> <span class='ocrx_word' id='word_1_46' title='bbox 1280 966 1445 1012; x_wconf 79' lang='lat' dir='ltr'>obvios</span> <span class='ocrx_word' id='word_1_47' title='bbox 1467 965 1649 1021; x_wconf 76' lang='lat' dir='ltr'>habuit,</span> <span class='ocrx_word' id='word_1_48' title='bbox 1667 984 1786 1031; x_wconf 85' lang='lat' dir='ltr'>quos</span> <span class='ocrx_word' id='word_1_49' title='bbox 1805 984 1908 1030; x_wconf 78' lang='lat' dir='ltr'>egO,</span> <span class='ocrx_word' id='word_1_50' title='bbox 1927 977 2034 1029; x_wconf 84' lang='lat' dir='ltr'>post</span> 
     </span>
     <span class='ocr_line' id='line_1_9' title="bbox 625 1043 2032 1107; baseline 0 -19"><span class='ocrx_word' id='word_1_51' title='bbox 625 1043 851 1089; x_wconf 80' lang='lat' dir='ltr'>indicium</span> <span class='ocrx_word' id='word_1_52' title='bbox 880 1043 1105 1090; x_wconf 82' lang='lat' dir='ltr'>adventus</span> <span class='ocrx_word' id='word_1_53' title='bbox 1131 1045 1256 1090; x_wconf 90' lang='lat' dir='ltr'>illius</span> <span class='ocrx_word' id='word_1_54' title='bbox 1293 1044 1406 1089; x_wconf 83' lang='lat' dir='ltr'>mihi</span> <span class='ocrx_word' id='word_1_55' title='bbox 1432 1043 1636 1100; x_wconf 83' lang='lat' dir='ltr'>factum,</span> <span class='ocrx_word' id='word_1_56' title='bbox 1663 1044 1720 1090; x_wconf 85' lang='lat' dir='ltr'>de</span> <span class='ocrx_word' id='word_1_57' title='bbox 1751 1045 1969 1107; x_wconf 80' lang='lat' dir='ltr'>Trajecto</span> <span class='ocrx_word' id='word_1_58' title='bbox 1994 1044 2032 1088; x_wconf 71' lang='lat' dir='ltr'>ri</span> 
     </span>
     <span class='ocr_line' id='line_1_10' title="bbox 622 1119 2036 1185; baseline -0.001 -20"><span class='ocrx_word' id='word_1_59' title='bbox 622 1137 871 1166; x_wconf 85' lang='lat' dir='ltr'>occurrere</span> <span class='ocrx_word' id='word_1_60' title='bbox 888 1121 1021 1183; x_wconf 89' lang='lat' dir='ltr'>jussi.</span> <span class='ocrx_word' id='word_1_61' title='bbox 1046 1121 1165 1166; x_wconf 81' lang='lat' dir='ltr'>Nam</span> <span class='ocrx_word' id='word_1_62' title='bbox 1187 1138 1274 1185; x_wconf 82' lang='lat' dir='ltr'>ego</span> <span class='ocrx_word' id='word_1_63' title='bbox 1295 1131 1409 1166; x_wconf 85' lang='lat' dir='ltr'>tunc</span> <span class='ocrx_word' id='word_1_64' title='bbox 1430 1121 1657 1183; x_wconf 86' lang='lat' dir='ltr'>temporis</span> <span class='ocrx_word' id='word_1_65' title='bbox 1676 1122 1808 1183; x_wconf 80' lang='lat' dir='ltr'>juxta</span> <span class='ocrx_word' id='word_1_66' title='bbox 1833 1119 2036 1165; x_wconf 79' lang='lat' dir='ltr'>Scaldim</span> 
     </span>
     <span class='ocr_line' id='line_1_11' title="bbox 623 1196 2036 1261; baseline 0 -19"><span class='ocrx_word' id='word_1_67' title='bbox 623 1197 821 1244; x_wconf 78' lang='lat' dir='ltr'>fluvium</span> <span class='ocrx_word' id='word_1_68' title='bbox 850 1199 895 1243; x_wconf 90' lang='lat' dir='ltr'>in</span> <span class='ocrx_word' id='word_1_69' title='bbox 924 1200 1212 1246; x_wconf 84' lang='lat' dir='ltr'>monasterio</span> <span class='ocrx_word' id='word_1_70' title='bbox 1239 1199 1287 1244; x_wconf 90' lang='lat' dir='ltr'>S.</span> <span class='ocrx_word' id='word_1_71' title='bbox 1318 1198 1521 1245; x_wconf 82' lang='lat' dir='ltr'>Bavonis</span> <span class='ocrx_word' id='word_1_72' title='bbox 1549 1215 1703 1252; x_wconf 82' lang='lat' dir='ltr'>eram,</span> <span class='ocrx_word' id='word_1_73' title='bbox 1735 1197 1926 1261; x_wconf 83' lang='lat' dir='ltr'>quando</span> <span class='ocrx_word' id='word_1_74' title='bbox 1953 1196 2036 1242; x_wconf 88' lang='lat' dir='ltr'>lit—</span> 
     </span>
     <span class='ocr_line' id='line_1_12' title="bbox 625 1274 2036 1340; baseline 0 -21"><span class='ocrx_word' id='word_1_75' title='bbox 625 1286 735 1321; x_wconf 66' lang='lat' dir='ltr'>tsrrae</span> <span class='ocrx_word' id='word_1_76' title='bbox 755 1276 927 1322; x_wconf 66' lang='lat' dir='ltr'>no1arii</span> <span class='ocrx_word' id='word_1_77' title='bbox 945 1277 1035 1323; x_wconf 91' lang='lat' dir='ltr'>mei</span> <span class='ocrx_word' id='word_1_78' title='bbox 1054 1294 1138 1339; x_wconf 88' lang='lat' dir='ltr'>per</span> <span class='ocrx_word' id='word_1_79' title='bbox 1156 1294 1357 1340; x_wconf 87' lang='lat' dir='ltr'>puerum</span> <span class='ocrx_word' id='word_1_80' title='bbox 1373 1275 1698 1339; x_wconf 77' lang='lat' dir='ltr'>procuratoris</span> <span class='ocrx_word' id='word_1_81' title='bbox 1714 1274 1883 1330; x_wconf 79' lang='lat' dir='ltr'>nostri,</span> <span class='ocrx_word' id='word_1_82' title='bbox 1908 1275 2036 1337; x_wconf 87' lang='lat' dir='ltr'>cujus</span> 
     </span>
     <span class='ocr_line' id='line_1_13' title="bbox 621 1353 2036 1416; baseline 0.001 -19"><span class='ocrx_word' id='word_1_83' title='bbox 621 1354 835 1416; x_wconf 77' lang='lat' dir='ltr'>superius</span> <span class='ocrx_word' id='word_1_84' title='bbox 860 1356 1157 1402; x_wconf 81' lang='lat' dir='ltr'>mentionem</span> <span class='ocrx_word' id='word_1_85' title='bbox 1182 1354 1379 1401; x_wconf 80' lang='lat' dir='ltr'>fecimus</span> <span class='ocrx_word' id='word_1_86' title='bbox 1397 1391 1407 1410; x_wconf 93' lang='lat'><em>‚</em></span> <span class='ocrx_word' id='word_1_87' title='bbox 1439 1354 1551 1400; x_wconf 81' lang='lat' dir='ltr'>mihi</span> <span class='ocrx_word' id='word_1_88' title='bbox 1584 1353 1783 1401; x_wconf 82' lang='lat' dir='ltr'>redditae</span> <span class='ocrx_word' id='word_1_89' title='bbox 1807 1364 1935 1399; x_wconf 89' lang='lat' dir='ltr'>sunt.</span> <span class='ocrx_word' id='word_1_90' title='bbox 1970 1354 2036 1399; x_wconf 81' lang='lat' dir='ltr'>Ex</span> 
     </span>
     <span class='ocr_line' id='line_1_14' title="bbox 622 1431 2033 1495; baseline 0.001 -19"><span class='ocrx_word' id='word_1_91' title='bbox 622 1449 825 1495; x_wconf 72' lang='lat' dir='ltr'>quarum</span> <span class='ocrx_word' id='word_1_92' title='bbox 846 1433 1050 1480; x_wconf 84' lang='lat' dir='ltr'>lectione</span> <span class='ocrx_word' id='word_1_93' title='bbox 1067 1433 1124 1480; x_wconf 91' lang='lat' dir='ltr'>de</span> <span class='ocrx_word' id='word_1_94' title='bbox 1140 1433 1342 1480; x_wconf 85' lang='lat' dir='ltr'>adventu</span> <span class='ocrx_word' id='word_1_95' title='bbox 1366 1433 1652 1479; x_wconf 70' lang='lat' dir='ltr'>Sanctorum</span> <span class='ocrx_word' id='word_1_96' title='bbox 1671 1432 1847 1478; x_wconf 75' lang='lat' dir='ltr'>certior</span> <span class='ocrx_word' id='word_1_97' title='bbox 1867 1431 2033 1485; x_wconf 82' lang='lat' dir='ltr'>factus,</span> 
     </span>
     <span class='ocr_line' id='line_1_15' title="bbox 626 1508 2034 1571; baseline 0.001 -18"><span class='ocrx_word' id='word_1_98' title='bbox 626 1508 751 1555; x_wconf 87' lang='lat' dir='ltr'>illico</span> <span class='ocrx_word' id='word_1_99' title='bbox 785 1527 933 1556; x_wconf 88' lang='lat' dir='ltr'>unum</span> <span class='ocrx_word' id='word_1_100' title='bbox 970 1528 1024 1556; x_wconf 89' lang='lat' dir='ltr'>ex</span> <span class='ocrx_word' id='word_1_101' title='bbox 1062 1509 1372 1556; x_wconf 75' lang='lat' dir='ltr'>familiaribus</span> <span class='ocrx_word' id='word_1_102' title='bbox 1410 1511 1585 1556; x_wconf 78' lang='lat' dir='ltr'>nostris</span> <span class='ocrx_word' id='word_1_103' title='bbox 1628 1510 1899 1571; x_wconf 68' lang='lat' dir='ltr'>Traiectum</span> <span class='ocrx_word' id='word_1_104' title='bbox 1940 1508 2005 1554; x_wconf 86' lang='lat' dir='ltr'>ire</span> <span class='ocrx_word' id='word_1_105' title='bbox 2023 1543 2034 1563; x_wconf 90' lang='lat'>‚</span> 
     </span>
     <span class='ocr_line' id='line_1_16' title="bbox 626 1585 2039 1652; baseline -0.001 -22"><span class='ocrx_word' id='word_1_106' title='bbox 626 1585 784 1650; x_wconf 80' lang='lat' dir='ltr'>ibique</span> <span class='ocrx_word' id='word_1_107' title='bbox 829 1586 1131 1652; x_wconf 85' lang='lat' dir='ltr'>presbyteros</span> <span class='ocrx_word' id='word_1_108' title='bbox 1170 1598 1309 1652; x_wconf 86' lang='lat' dir='ltr'>atque</span> <span class='ocrx_word' id='word_1_109' title='bbox 1346 1586 1461 1632; x_wconf 85' lang='lat' dir='ltr'>alios</span> <span class='ocrx_word' id='word_1_110' title='bbox 1497 1586 1692 1633; x_wconf 86' lang='lat' dir='ltr'>clericos</span> <span class='ocrx_word' id='word_1_111' title='bbox 1709 1621 1722 1642; x_wconf 88' lang='lat'>,</span> <span class='ocrx_word' id='word_1_112' title='bbox 1762 1602 1949 1632; x_wconf 84' lang='lat' dir='ltr'>necnon</span> <span class='ocrx_word' id='word_1_113' title='bbox 1992 1595 2039 1630; x_wconf 91' lang='lat' dir='ltr'>et</span> 
     </span>
     <span class='ocr_line' id='line_1_17' title="bbox 627 1662 2037 1720; baseline 0.001 -13"><span class='ocrx_word' id='word_1_114' title='bbox 627 1663 766 1710; x_wconf 85' lang='lat' dir='ltr'>laicos</span> <span class='ocrx_word' id='word_1_115' title='bbox 791 1682 947 1711; x_wconf 85' lang='lat' dir='ltr'>secum</span> <span class='ocrx_word' id='word_1_116' title='bbox 963 1682 1164 1720; x_wconf 89' lang='lat' dir='ltr'>sumere,</span> <span class='ocrx_word' id='word_1_117' title='bbox 1190 1682 1241 1710; x_wconf 81' lang='lat' dir='ltr'>ac</span> <span class='ocrx_word' id='word_1_118' title='bbox 1267 1665 1448 1711; x_wconf 85' lang='lat' dir='ltr'>Sanctis</span> <span class='ocrx_word' id='word_1_119' title='bbox 1471 1662 1790 1719; x_wconf 85' lang='lat' dir='ltr'>venientibus,</span> <span class='ocrx_word' id='word_1_120' title='bbox 1818 1662 2037 1709; x_wconf 85' lang='lat' dir='ltr'>ubicum-</span> 
     </span>
     <span class='ocr_line' id='line_1_18' title="bbox 623 1739 2039 1805; baseline -0.001 -20"><span class='ocrx_word' id='word_1_121' title='bbox 623 1757 714 1803; x_wconf 78' lang='lat' dir='ltr'>que</span> <span class='ocrx_word' id='word_1_122' title='bbox 739 1741 949 1803; x_wconf 90' lang='lat' dir='ltr'>primum</span> <span class='ocrx_word' id='word_1_123' title='bbox 981 1743 1233 1805; x_wconf 84' lang='lat' dir='ltr'>potuisset,</span> <span class='ocrx_word' id='word_1_124' title='bbox 1260 1740 1450 1787; x_wconf 76' lang='lat' dir='ltr'>obviam</span> <span class='ocrx_word' id='word_1_125' title='bbox 1474 1740 1697 1787; x_wconf 85' lang='lat' dir='ltr'>festinare</span> <span class='ocrx_word' id='word_1_126' title='bbox 1729 1739 1950 1803; x_wconf 73' lang='lat' dir='ltr'>praecepi.</span> <span class='ocrx_word' id='word_1_127' title='bbox 1978 1740 2039 1785; x_wconf 77' lang='lat' dir='ltr'>Et</span> 
     </span>
     <span class='ocr_line' id='line_1_19' title="bbox 625 1816 2038 1882; baseline 0.002 -21"><span class='ocrx_word' id='word_1_128' title='bbox 625 1818 659 1861; x_wconf 72' lang='lat' dir='ltr'>is</span> <span class='ocrx_word' id='word_1_129' title='bbox 689 1816 809 1862; x_wconf 90' lang='lat' dir='ltr'>nihil</span> <span class='ocrx_word' id='word_1_130' title='bbox 836 1829 1045 1864; x_wconf 81' lang='lat' dir='ltr'>moratus</span> <span class='ocrx_word' id='word_1_131' title='bbox 1060 1854 1074 1876; x_wconf 91' lang='lat'>,</span> <span class='ocrx_word' id='word_1_132' title='bbox 1095 1835 1202 1864; x_wconf 88' lang='lat' dir='ltr'>cum</span> <span class='ocrx_word' id='word_1_133' title='bbox 1229 1817 1299 1864; x_wconf 86' lang='lat' dir='ltr'>his</span> <span class='ocrx_word' id='word_1_134' title='bbox 1324 1836 1443 1882; x_wconf 89' lang='lat' dir='ltr'>quos</span> <span class='ocrx_word' id='word_1_135' title='bbox 1462 1835 1620 1864; x_wconf 88' lang='lat' dir='ltr'>secum</span> <span class='ocrx_word' id='word_1_136' title='bbox 1637 1816 1837 1864; x_wconf 80' lang='lat' dir='ltr'>duxerat</span> <span class='ocrx_word' id='word_1_137' title='bbox 1862 1818 1910 1862; x_wconf 91' lang='lat' dir='ltr'>in</span> <span class='ocrx_word' id='word_1_138' title='bbox 1931 1817 2038 1864; x_wconf 86' lang='lat' dir='ltr'>loco</span> 
     </span>
     <span class='ocr_line' id='line_1_20' title="bbox 625 1893 2040 1959; baseline 0.001 -21"><span class='ocrx_word' id='word_1_139' title='bbox 625 1904 912 1950; x_wconf 78' lang='lat' dir='ltr'>memorato,</span> <span class='ocrx_word' id='word_1_140' title='bbox 940 1906 1049 1958; x_wconf 89' lang='lat' dir='ltr'>post</span> <span class='ocrx_word' id='word_1_141' title='bbox 1077 1912 1249 1959; x_wconf 86' lang='lat' dir='ltr'>paucos</span> <span class='ocrx_word' id='word_1_142' title='bbox 1275 1896 1371 1941; x_wconf 82' lang='lat' dir='ltr'>dies</span> <span class='ocrx_word' id='word_1_143' title='bbox 1396 1894 1492 1950; x_wconf 91' lang='lat' dir='ltr'>his,</span> <span class='ocrx_word' id='word_1_144' title='bbox 1522 1895 1603 1959; x_wconf 86' lang='lat' dir='ltr'>qui</span> <span class='ocrx_word' id='word_1_145' title='bbox 1636 1895 1833 1941; x_wconf 83' lang='lat' dir='ltr'>Sanctos</span> <span class='ocrx_word' id='word_1_146' title='bbox 1856 1893 2040 1940; x_wconf 83' lang='lat' dir='ltr'>adfere-</span> 
     </span>
     <span class='ocr_line' id='line_1_21' title="bbox 627 1970 2035 2037; baseline -0.001 -20"><span class='ocrx_word' id='word_1_147' title='bbox 627 1970 764 2028; x_wconf 83' lang='lat' dir='ltr'>bant,</span> <span class='ocrx_word' id='word_1_148' title='bbox 817 1972 1029 2019; x_wconf 80' lang='lat' dir='ltr'>obviavit</span> <span class='ocrx_word' id='word_1_149' title='bbox 1062 1994 1071 2018; x_wconf 89' lang='lat'>:</span> <span class='ocrx_word' id='word_1_150' title='bbox 1097 1973 1348 2037; x_wconf 88' lang='lat' dir='ltr'>junctique</span> <span class='ocrx_word' id='word_1_151' title='bbox 1378 1972 1543 2029; x_wconf 87' lang='lat' dir='ltr'>simul,</span> <span class='ocrx_word' id='word_1_152' title='bbox 1579 1970 1919 2019; x_wconf 82' lang='lat' dir='ltr'>comitantibus</span> <span class='ocrx_word' id='word_1_153' title='bbox 1940 1974 2035 2034; x_wconf 84' lang='lat' dir='ltr'>jam</span> 
     </span>
     <span class='ocr_line' id='line_1_22' title="bbox 624 2049 2038 2115; baseline 0 -21"><span class='ocrx_word' id='word_1_154' title='bbox 624 2060 764 2113; x_wconf 79' lang='lat' dir='ltr'>atque</span> <span class='ocrx_word' id='word_1_155' title='bbox 781 2049 1015 2097; x_wconf 87' lang='lat' dir='ltr'>hincinde</span> <span class='ocrx_word' id='word_1_156' title='bbox 1028 2050 1429 2098; x_wconf 86' lang='lat' dir='ltr'>concurrentibus</span> <span class='ocrx_word' id='word_1_157' title='bbox 1444 2049 1731 2115; x_wconf 83' lang='lat' dir='ltr'>hymnidicis</span> <span class='ocrx_word' id='word_1_158' title='bbox 1747 2049 2038 2113; x_wconf 84' lang='lat' dir='ltr'>populorum</span> 
     </span>
     <span class='ocr_line' id='line_1_23' title="bbox 629 2128 2039 2193; baseline 0.001 -21"><span class='ocrx_word' id='word_1_159' title='bbox 629 2128 817 2185; x_wconf 62' lang='lat' dir='ltr'>{urmis,</span> <span class='ocrx_word' id='word_1_160' title='bbox 840 2146 947 2174; x_wconf 90' lang='lat' dir='ltr'>cum</span> <span class='ocrx_word' id='word_1_161' title='bbox 982 2129 1160 2193; x_wconf 80' lang='lat' dir='ltr'>ingenti</span> <span class='ocrx_word' id='word_1_162' title='bbox 1196 2130 1412 2176; x_wconf 88' lang='lat' dir='ltr'>omnium</span> <span class='ocrx_word' id='word_1_163' title='bbox 1440 2129 1602 2175; x_wconf 84' lang='lat' dir='ltr'>laetitia</span> <span class='ocrx_word' id='word_1_164' title='bbox 1624 2165 1636 2185; x_wconf 84' lang='lat'>,</span> <span class='ocrx_word' id='word_1_165' title='bbox 1664 2129 2039 2193; x_wconf 77' lang='lat' dir='ltr'>Argentoratum</span> 
     </span>
     <span class='ocr_line' id='line_1_24' title="bbox 628 2203 2040 2271; baseline 0.002 -22"><span class='ocrx_word' id='word_1_166' title='bbox 628 2203 819 2260; x_wconf 86' lang='lat' dir='ltr'>urbem,</span> <span class='ocrx_word' id='word_1_167' title='bbox 854 2224 961 2270; x_wconf 75' lang='lat' dir='ltr'>quae</span> <span class='ocrx_word' id='word_1_168' title='bbox 989 2225 1119 2253; x_wconf 90' lang='lat' dir='ltr'>nunc</span> <span class='ocrx_word' id='word_1_169' title='bbox 1138 2206 1390 2271; x_wconf 83' lang='lat' dir='ltr'>Strasburg</span> <span class='ocrx_word' id='word_1_170' title='bbox 1410 2207 1692 2271; x_wconf 84' lang='lat' dir='ltr'>appellatur,</span> <span class='ocrx_word' id='word_1_171' title='bbox 1716 2206 1932 2252; x_wconf 85' lang='lat' dir='ltr'>celeriter</span> <span class='ocrx_word' id='word_1_172' title='bbox 1956 2223 2040 2252; x_wconf 84' lang='lat' dir='ltr'>ve-</span> 
     </span>
     <span class='ocr_line' id='line_1_25' title="bbox 627 2281 2037 2348; baseline 0.001 -23"><span class='ocrx_word' id='word_1_173' title='bbox 627 2281 786 2326; x_wconf 87' lang='lat' dir='ltr'>niunt.</span> <span class='ocrx_word' id='word_1_174' title='bbox 807 2283 919 2328; x_wconf 81' lang='lat' dir='ltr'>Inde</span> <span class='ocrx_word' id='word_1_175' title='bbox 935 2300 1018 2345; x_wconf 86' lang='lat' dir='ltr'>per</span> <span class='ocrx_word' id='word_1_176' title='bbox 1034 2284 1246 2330; x_wconf 87' lang='lat' dir='ltr'>Hrenum</span> <span class='ocrx_word' id='word_1_177' title='bbox 1266 2282 1467 2330; x_wconf 84' lang='lat' dir='ltr'>secunda</span> <span class='ocrx_word' id='word_1_178' title='bbox 1484 2301 1602 2348; x_wconf 83' lang='lat' dir='ltr'>aqua</span> <span class='ocrx_word' id='word_1_179' title='bbox 1618 2283 1910 2347; x_wconf 80' lang='lat' dir='ltr'>naviganteS‚</span> <span class='ocrx_word' id='word_1_180' title='bbox 1929 2299 2037 2328; x_wconf 90' lang='lat' dir='ltr'>cum</span> 
     </span>
     <span class='ocr_line' id='line_1_26' title="bbox 626 2359 2039 2424; baseline 0.001 -21"><span class='ocrx_word' id='word_1_181' title='bbox 626 2359 682 2404; x_wconf 69' lang='lat' dir='ltr'>ad</span> <span class='ocrx_word' id='word_1_182' title='bbox 711 2359 866 2405; x_wconf 89' lang='lat' dir='ltr'>locum</span> <span class='ocrx_word' id='word_1_183' title='bbox 886 2395 897 2414; x_wconf 92' lang='lat'>,</span> <span class='ocrx_word' id='word_1_184' title='bbox 925 2361 1005 2424; x_wconf 89' lang='lat' dir='ltr'>qui</span> <span class='ocrx_word' id='word_1_185' title='bbox 1031 2361 1202 2408; x_wconf 80' lang='lat' dir='ltr'>Portus</span> <span class='ocrx_word' id='word_1_186' title='bbox 1226 2371 1439 2415; x_wconf 84' lang='lat' dir='ltr'>vocatur,</span> <span class='ocrx_word' id='word_1_187' title='bbox 1466 2361 1727 2417; x_wconf 85' lang='lat' dir='ltr'>venissent,</span> <span class='ocrx_word' id='word_1_188' title='bbox 1758 2359 2039 2408; x_wconf 82' lang='lat' dir='ltr'>orientalem</span> 
     </span>
     <span class='ocr_line' id='line_1_27' title="bbox 628 2435 2038 2504; baseline 0.001 -24"><span class='ocrx_word' id='word_1_189' title='bbox 628 2435 1028 2501; x_wconf 34' lang='lat' dir='ltr'>[luminis-ripam</span> <span class='ocrx_word' id='word_1_190' title='bbox 1063 2439 1259 2502; x_wconf 80' lang='lat' dir='ltr'>egressi,</span> <span class='ocrx_word' id='word_1_191' title='bbox 1293 2440 1460 2504; x_wconf 78' lang='lat' dir='ltr'>quinta</span> <span class='ocrx_word' id='word_1_192' title='bbox 1496 2439 1741 2486; x_wconf 84' lang='lat' dir='ltr'>mansione</span> <span class='ocrx_word' id='word_1_193' title='bbox 1782 2437 1838 2483; x_wconf 82' lang='lat' dir='ltr'>ad</span> <span class='ocrx_word' id='word_1_194' title='bbox 1880 2437 2038 2482; x_wconf 87' lang='lat' dir='ltr'>locum</span> 
     </span>
     <span class='ocr_line' id='line_1_28' title="bbox 629 2512 2039 2579; baseline 0.001 -22"><span class='ocrx_word' id='word_1_195' title='bbox 629 2512 972 2560; x_wconf 63' lang='lat' dir='ltr'>michilinstadt</span> <span class='ocrx_word' id='word_1_196' title='bbox 993 2526 1320 2579; x_wconf 83' lang='lat' dir='ltr'>nuncupatum</span> <span class='ocrx_word' id='word_1_197' title='bbox 1336 2553 1350 2575; x_wconf 87' lang='lat'>‚</span> <span class='ocrx_word' id='word_1_198' title='bbox 1376 2534 1483 2562; x_wconf 91' lang='lat' dir='ltr'>cum</span> <span class='ocrx_word' id='word_1_199' title='bbox 1507 2515 1756 2564; x_wconf 82' lang='lat' dir='ltr'>immodica</span> <span class='ocrx_word' id='word_1_200' title='bbox 1785 2514 2039 2562; x_wconf 87' lang='lat' dir='ltr'>hominum</span> 
     </span>
     <span class='ocr_line' id='line_1_29' title="bbox 632 2590 2036 2656; baseline 0.002 -23"><span class='ocrx_word' id='word_1_201' title='bbox 632 2592 676 2636; x_wconf 85' lang='lat' dir='ltr'>in</span> <span class='ocrx_word' id='word_1_202' title='bbox 701 2591 781 2635; x_wconf 71' lang='lat' dir='ltr'>Dei</span> <span class='ocrx_word' id='word_1_203' title='bbox 808 2590 1023 2637; x_wconf 79' lang='lat' dir='ltr'>laudibus</span> <span class='ocrx_word' id='word_1_204' title='bbox 1041 2592 1358 2639; x_wconf 83' lang='lat' dir='ltr'>exultantium</span> <span class='ocrx_word' id='word_1_205' title='bbox 1378 2593 1710 2650; x_wconf 82' lang='lat' dir='ltr'>multitudine,</span> <span class='ocrx_word' id='word_1_206' title='bbox 1731 2592 2036 2656; x_wconf 83' lang='lat' dir='ltr'>perveniunt.</span> 
     </span>
     <span class='ocr_line' id='line_1_30' title="bbox 633 2669 2041 2736; baseline 0.003 -25"><span class='ocrx_word' id='word_1_207' title='bbox 633 2670 670 2713; x_wconf 89' lang='lat' dir='ltr'>ls</span> <span class='ocrx_word' id='word_1_208' title='bbox 708 2669 835 2715; x_wconf 76' lang='lat' dir='ltr'>locus</span> <span class='ocrx_word' id='word_1_209' title='bbox 857 2681 923 2715; x_wconf 82' lang='lat' dir='ltr'>est</span> <span class='ocrx_word' id='word_1_210' title='bbox 953 2669 997 2716; x_wconf 86' lang='lat' dir='ltr'>in</span> <span class='ocrx_word' id='word_1_211' title='bbox 1027 2687 1082 2717; x_wconf 88' lang='lat' dir='ltr'>co</span> <span class='ocrx_word' id='word_1_212' title='bbox 1108 2670 1228 2715; x_wconf 86' lang='lat' dir='ltr'>saltu</span> <span class='ocrx_word' id='word_1_213' title='bbox 1253 2672 1545 2728; x_wconf 72' lang='lat' dir='ltr'>Germaniae,</span> <span class='ocrx_word' id='word_1_214' title='bbox 1573 2673 1654 2736; x_wconf 89' lang='lat' dir='ltr'>qui</span> <span class='ocrx_word' id='word_1_215' title='bbox 1688 2682 1900 2735; x_wconf 81' lang='lat' dir='ltr'>tempore</span> <span class='ocrx_word' id='word_1_216' title='bbox 1933 2687 2041 2715; x_wconf 87' lang='lat' dir='ltr'>mo—</span> 
     </span>
     <span class='ocr_line' id='line_1_31' title="bbox 629 2746 2040 2810; baseline 0.002 -21"><span class='ocrx_word' id='word_1_217' title='bbox 629 2746 778 2793; x_wconf 70' lang='lat' dir='ltr'>elrrno</span> <span class='ocrx_word' id='word_1_218' title='bbox 793 2747 1050 2794; x_wconf 80' lang='lat' dir='ltr'>Odanwald</span> <span class='ocrx_word' id='word_1_219' title='bbox 1081 2748 1359 2810; x_wconf 73' lang='lat' dir='ltr'>appellatur,</span> <span class='ocrx_word' id='word_1_220' title='bbox 1380 2761 1423 2796; x_wconf 81' lang='lat' dir='ltr'>et</span> <span class='ocrx_word' id='word_1_221' title='bbox 1447 2749 1586 2796; x_wconf 82' lang='lat' dir='ltr'>distat</span> <span class='ocrx_word' id='word_1_222' title='bbox 1621 2768 1642 2794; x_wconf 84' lang='lat' dir='ltr'>a</span> <span class='ocrx_word' id='word_1_223' title='bbox 1665 2750 1821 2795; x_wconf 80' lang='lat' dir='ltr'>Maeno</span> <span class='ocrx_word' id='word_1_224' title='bbox 1843 2746 2040 2792; x_wconf 80' lang='lat' dir='ltr'>flumine</span> 
     </span>
    </p>
   </div>
  </div>
 </body>
</html>
