2105 3348
587 270 659 310 2225
1015 269 1265 307 EINHARDI
1300 269 1569 308 EPISTOLAE.

769 431 895 470 LXIX
921 435 988 480 (1).
1024 432 1088 468 AD
1122 432 1176 470 M.
1212 432 1509 471 lLLUSTREM
1541 434 1804 473 DOMINUM.

1076 538 1118 571 In
1137 549 1291 584 persona
1311 538 1374 571 W.
1397 544 1434 573 et
1452 538 1500 573 G.

645 643 844 689 Illustris
867 642 1112 708 dignitatis
1138 645 1296 690 virum
1328 657 1470 710 atque
1502 645 1811 692 nobilissimae
1844 645 1997 692 subli-

582 722 758 767 mitatis
773 720 1025 768 dominum
1044 722 1126 778 M.,
1149 723 1234 768 W.
1252 734 1299 768 et
1313 723 1370 769 G.
1395 725 1490 787 (2),
1512 723 1766 771 fidelissimi
1786 741 1838 770 ac
1857 724 1999 770 devo-

582 798 773 854 tissimi,
800 810 1063 864 vestraeque
1088 800 1136 845 in
1164 799 1387 846 omnibus
1407 801 1698 848 excellentiae
1720 801 1996 865 paratissimi

580 875 774 932 famuli,
799 874 923 922 fideli
946 887 992 923 et
1010 875 1208 940 optabili
1232 878 1532 942 aggredimur
1554 879 1766 928 servitio.
1781 879 2000 925 ——Maxi-

580 971 679 999 mas
711 965 783 1011 et,
826 956 862 1000 si
904 954 1003 1001 fieri
1040 967 1197 1019 posset
1236 955 1360 1002 ultra
1398 957 1519 1003 vires
1556 959 1655 1020 (3),
1696 956 2000 1003 sublimitatis

581 1041 749 1078 vestrae
793 1031 1058 1079 celsitudini
1100 1033 1349 1080 referimus
1397 1045 1551 1099 grates
1568 1071 1580 1090 ,
1626 1035 1781 1099 quod,
1821 1044 1999 1083 nostrae

581 1109 802 1171 petitioni
854 1126 1093 1156 assensum
1148 1110 1448 1175 praebentes,
1511 1110 1567 1157 ad
1615 1112 1835 1158 effectum
1889 1129 2001 1174 per-

581 1186 779 1233 duxistis
819 1187 875 1234 de
903 1188 1077 1251 capella
1112 1189 1161 1234 in
1196 1189 1304 1235 villa
1337 1191 1476 1236 Lensi
1509 1189 1784 1236 constituta.
1819 1189 1999 1236 Tamen

581 1264 746 1310 missus
777 1274 930 1312 vester
960 1267 1018 1312 R.
1058 1267 1131 1330 (4)
1151 1302 1163 1322 ,
1200 1267 1282 1331 qui
1315 1284 1402 1314 nos
1435 1266 1604 1314 exinde
1635 1267 1808 1314 vestire
1839 1266 1997 1322 venit,

582 1339 628 1385 id
650 1341 822 1404 ipsum,
851 1343 1205 1408 sicutjussistis,
1229 1344 1430 1401 fecisset,
1453 1345 1541 1390 nisi
1568 1343 1783 1392 homines
1805 1343 1887 1399 N„
1913 1343 2004 1388 fra-

581 1419 667 1464 tris
700 1421 870 1477 vestri,
903 1419 993 1468 hoe
1025 1421 1440 1469 contradixissent.
1479 1423 1703 1469 Attamen
1740 1422 1837 1485 ipse
1873 1421 2003 1467 locus

581 1495 713 1543 valde
748 1509 952 1545 vastatus
995 1511 1090 1556 est,
1129 1500 1190 1545 ita
1230 1512 1281 1546 ut
1314 1501 1504 1547 nullum
1539 1501 1742 1547 omnino
1780 1511 2001 1564 tegumen

582 1584 819 1620 tectorum
842 1575 958 1621 inibi
986 1578 1292 1633 remanserit,
1324 1577 1452 1642 quod
1477 1595 1575 1624 non
1596 1577 1862 1632 venditum,
1883 1576 2002 1622 alie-

582 1662 772 1709 natum,
799 1664 1126 1719 vastatumque
1149 1655 1235 1712 sit,
1265 1666 1457 1720 excepta
1482 1654 1696 1711 basilica,
1724 1672 1832 1719 quae
1860 1654 2002 1700 etiam

583 1747 639 1775 ex
663 1741 795 1793 parte
820 1733 1021 1779 corruit.
1047 1733 1144 1779 Nos
1173 1744 1358 1788 autem,
1387 1751 1519 1779 causa
1548 1743 1716 1779 vestrae
1741 1731 1997 1785 mercedis,

584 1806 675 1853 hoc
695 1807 843 1854 fixum
869 1810 916 1855 in
944 1811 1105 1857 animo
1131 1810 1408 1870 habuimus,
1434 1822 1488 1856 ut
1512 1809 1723 1873 [omnia]
1749 1826 1856 1873 quae
1880 1825 2001 1871 prae-

586 1885 704 1929 senti
743 1902 871 1932 anno
909 1887 1161 1951 adquirere
1199 1905 1463 1950 possemuS‚
1507 1886 1562 1932 ad
1606 1885 2001 1932 restaurationem

585 1962 790 2024 ejusdem
817 1964 883 2026 (5
910 1964 1000 2012 loci
1028 1964 1399 2028 expenderemus
1425 1986 1433 2010 :
1462 1964 1592 2029 quod
1617 1974 1664 2011 et
1688 1963 1841 2009 facere
1866 1963 2002 2026 cupi-

585 2055 717 2097 mus,
743 2041 777 2085 si
807 2041 869 2086 ita
898 2060 980 2104 per
1005 2042 1288 2106 manse[rint
1312 2041 1532 2104 singula,
1560 2042 1708 2088 sicuti
1729 2040 2001 2104 benignitas

585 2123 765 2179 vestra]
788 2120 952 2165 statuit
976 2131 1116 2185 atque
1138 2119 1365 2168 decrerit.
1389 2120 1557 2168 Vester
1580 2120 1735 2183 itaque
1755 2118 1923 2164 missus
1945 2116 2003 2163 de

586 2193 828 2243 laboribus
850 2198 921 2261 (6)
947 2199 1136 2263 [antea]
1165 2198 1388 2247 laboratis
1413 2198 1536 2246 nihil
1562 2197 1626 2244 ibi
1653 2197 1866 2254 invenit,
1892 2196 2002 2261 quia

630 2402 680 2445 (ι)
707 2413 748 2434 1.x
769 2401 805 2434 in
825 2400 910 2435 edit.

632 2462 682 2503 (2)
709 2461 844 2495 Forsan
871 2462 1062 2498 Galterus.-
1088 2463 1200 2497 codex
1231 2465 1307 2503 GL,
1333 2463 1422 2498 editi
1451 2463 1665 2509 gloriosum,
1695 2462 1793 2497 nulla
1820 2463 2003 2509 sequentis

585 2519 755 2565 epistolae‚
775 2532 852 2567 quae
870 2519 915 2555 de
933 2520 1069 2556 eisdem
1088 2523 1251 2568 personis
1269 2530 1420 2565 tractat,
1441 2522 1563 2557 habita
1582 2523 1735 2557 ratione.

631 2577 681 2624 (5)
707 2580 769 2613 11ae
787 2578 866 2613 dua?
880 2591 983 2614 voces
996 2593 1015 2614 a
1032 2581 1195 2627 pristinis
1212 2581 1416 2617 editoribus
1435 2583 1572 2617 omissae
1591 2582 1750 2617 fuerunt.

632 2640 682 2680 (4)
711 2637 804 2672 Edit.
834 2639 971 2672 Tamen
993 2641 1235 2686 mz'.s·isli.5....q.

632 2699 681 2743 (3)
707 2699 789 2732 Haec
810 2711 874 2732 vox
893 2712 910 2732 a
932 2698 1095 2743 pristinis
1114 2700 1201 2735 edit.
1222 2702 1350 2736 omissa
1367 2709 1432 2735 cst.

633 2758 682 2794 (m
715 2758 801 2791 lli-in
824 2758 875 2790 lia²
893 2757 970 2790 slua‘
990 2770 1090 2790 vncos·
