2105 3348
599 277 677 313 266
900 268 1142 309 HISTORIA
1173 267 1599 315 TRANSLATIONIS,
1629 283 1711 309 m.

594 354 698 400 dem
714 388 727 409 ‚
750 362 796 398 et
812 368 973 398 coram
993 348 1134 395 nobis
1146 349 1278 412 juxta
1297 347 1530 395 cancellos
1548 350 1679 413 quasi
1697 349 1755 396 ad
1772 349 2011 398 dormien-

594 431 707 476 dum
722 427 980 493 procubuit
1000 447 1009 472 :
1029 444 1116 474 nos
1132 442 1326 490 quoque
1342 424 1585 472 basilicam
1605 426 1818 491 ingressi,
1839 430 2015 476 nostris

594 508 708 554 locis
729 507 1032 554 constitimus
1047 541 1059 562 ,
1082 523 1134 551 ac
1154 505 1294 551 simul
1319 522 1428 550 cum
1449 504 1551 551 aliis
1575 505 1780 569 psalmos
1794 541 1806 563 ,
1835 507 1917 570 qui
1942 507 2016 553 di-

594 584 841 642 cebantur,
875 583 1075 631 solemni
1111 599 1247 629 more
1289 582 1598 628 cantavimus,
1636 582 1699 629 At
1736 581 1818 629 ubi
1862 584 2016 648 prima

594 663 734 710 lectio
765 663 955 709 recitari
986 671 1145 726 coepta
1175 671 1268 716 est,
1311 660 1574 707 audivimus
1612 659 1833 708 eumdem
1857 678 2018 709 senem

592 758 797 806 gemere,
821 750 885 797 et,
915 740 1045 805 quasi
1066 740 1148 805 qui
1173 740 1271 785 vim
1295 748 1559 803 pateretur,
1587 738 1820 784 auxilium
1846 739 2020 804 implo-

592 835 696 865 rare
709 836 724 875 3
751 835 803 864 ac
819 817 989 864 deinde
1014 818 1266 881 interjecto
1283 816 1415 880 parvi
1446 815 1673 880 temporis
1693 816 1847 879 spatio
1863 852 1876 873 ,
1899 815 2020 862 vidi-

591 913 698 942 mus
723 896 771 942 in
795 913 973 943 sessum
996 913 1044 943 se
1066 895 1268 960 erigere,
1297 912 1350 941 ac
1370 897 1594 959 protinus
1619 894 1818 951 baculis,
1844 893 2019 960 quibus

596 975 831 1022 incessum
865 992 1030 1039 regere
1066 973 1275 1031 solebat,
1313 974 1588 1038 assumptis,
1623 973 1765 1021 etiam
1806 973 1854 1019 in
1881 972 2020 1038 pedes

597 1053 882 1100 constitisse.
920 1053 985 1099 Et
1008 1069 1096 1099 nos
1122 1052 1313 1115 quidem
1351 1050 1454 1098 haec
1473 1051 1696 1098 vidimus.
1724 1053 1828 1115 Ipse
1860 1062 2020 1100 autem

594 1129 834 1176 fatebatur
852 1128 941 1174 sibi
958 1129 1113 1174 visum
1128 1128 1268 1175 fuisse
1281 1165 1294 1187 ,
1310 1128 1439 1193 quod
1461 1146 1508 1175 se
1518 1131 1759 1192 jacentem
1777 1130 1908 1193 quasi
1924 1129 2021 1177 duo

592 1205 788 1270 quidam
812 1205 1260 1269 apprehendissent,
1291 1222 1415 1251 unus
1448 1222 1535 1270 per
1571 1206 1796 1252 humeros
1829 1206 1887 1252 ad
1909 1204 2022 1252 bra-

592 1282 694 1328 chia
709 1318 722 1339 ,
747 1283 867 1329 alter
890 1301 975 1346 per
1000 1300 1139 1329 crura
1162 1294 1209 1330 et
1226 1283 1391 1347 pedes,
1419 1301 1472 1329 ac
1497 1284 1533 1329 si
1561 1283 1824 1342 trahendo,
1845 1301 2018 1332 nervos

592 1379 700 1408 suos
719 1362 800 1425 qui
824 1362 1057 1408 contracti
1085 1373 1221 1408 erant
1254 1362 1594 1409 extendissent.
1627 1365 1689 1409 Et
1707 1363 1817 1428 quia
1842 1373 2020 1427 praeter

592 1439 684 1487 hoc
739 1441 1084 1488 contractionis
1130 1441 1494 1488 incommodum
1535 1442 1680 1488 etiam
1730 1441 1929 1488 surdum
1972 1459 2019 1488 se

591 1518 733 1566 fuisse
754 1518 1007 1575 asserebat,
1021 1518 1143 1565 dixit
1167 1519 1276 1576 sibi,
1305 1537 1415 1566 cum
1436 1520 1485 1565 in
1504 1537 1681 1567 sessum
1701 1520 1869 1568 fuisset
1887 1538 2018 1568 erec—

592 1607 694 1656 tus,
714 1597 845 1644 velut
871 1599 1019 1644 ictum
1039 1599 1190 1663 pugni
1220 1598 1505 1646 validissime
1539 1598 1757 1645 ferientis
1791 1599 1842 1646 in
1877 1610 2018 1662 caput

590 1677 940 1740 supervenisse3
964 1694 1226 1741 vocemque
1250 1677 1392 1723 simul
1417 1688 1472 1723 ut
1500 1677 1551 1723 in
1580 1677 1802 1723 futurum
1831 1677 2018 1724 audiret

592 1755 870 1819 imperantis
896 1755 1090 1802 audisse.
1116 1756 1205 1802 Hic
1238 1773 1379 1803 senex
1414 1759 1503 1803 hoc
1536 1756 1682 1804 modo
1708 1766 1920 1814 sanatus,
1959 1755 2017 1803 de

591 1850 712 1896 pago
733 1832 1063 1879 Helvetiorum
1089 1833 1172 1897 qui
1199 1851 1332 1880 nunc
1357 1833 1592 1899 Aragowe
1617 1835 1690 1898 (a)
1715 1844 1914 1881 vocatur
1924 1869 1937 1891 ,
1968 1851 2015 1880 se

589 1910 770 1957 venisse
783 1947 795 1967 ,
815 1920 862 1958 et
882 1912 1080 1958 natione
1099 1912 1421 1959 Alamannum
1439 1931 1534 1960 esse
1554 1923 1748 1960 testatus
1772 1923 1857 1960 est.

653 2301 732 2346 43.
771 2299 930 2354 Alius,
957 2311 1114 2347 autem
1142 2301 1284 2346 simili
1318 2301 1464 2347 modo
1502 2318 1763 2348 nervorum
1791 2313 2013 2349 contrac-

590 2378 719 2423 tione
743 2376 1017 2423 debilitatus
1032 2413 1044 2434 ,
1067 2378 1151 2442 qui
1172 2395 1218 2425 se
1246 2378 1303 2426 de
1322 2379 1430 2426 vico
1458 2380 1691 2436 Leodico,
1716 2379 1800 2426 ubi
1822 2391 2011 2428 sanctus

588 2453 868 2501 Lambertus
882 2471 1085 2519 corpore
1096 2457 1370 2521 requiescit,
1390 2459 1570 2504 venisse
1581 2457 1788 2515 dicebat,
1806 2458 2009 2524 quadam

585 2532 824 2578 (lominica
849 2543 1017 2589 nocte,
1046 2545 1153 2596 post
1176 2544 1420 2598 peractum
1447 2536 1729 2582 matutinale
1766 2537 1973 2583 officium
1990 2572 2004 2593 ,

587 2610 834 2675 nohisjam
857 2611 915 2658 de
948 2612 1138 2659 ecclesia
1167 2615 1386 2677 regressis
1409 2650 1421 2670 ,
1451 2632 1559 2661 cum
1591 2626 1789 2679 propter
1821 2631 1900 2662 eos
1923 2613 2004 2680 qui

630 2782 681 2820 (τι)
704 2781 797 2816 Edit.
824 2783 1053 2827 Aragaovin.
