2105 3348
646 321 719 359 160
1020 318 1082 354 Al)
1115 315 1369 354 EINHARDI
1401 313 1666 352 EPISTOLAs

1303 412 1389 450 Ill.

704 485 933 547 Epistolam
970 485 1034 540 (1)
1077 493 1223 528 vestrae
1259 483 1521 541 dignationis
1544 516 1553 531 ,
1602 483 1881 528 calamitatem
1903 520 1912 537 ,
1952 502 2043 545 quae

641 567 801 610 dudum
827 561 948 604 vobis
972 562 1174 619 contigit,
1207 561 1393 619 graviter
1420 569 1691 618 querentem,
1715 561 2044 621 haudquaquam

640 640 912 686 mediocriter
942 648 1154 681 commota
1191 647 1330 680 mente
1364 636 1547 696 perlegi,
1600 634 1927 696 confectumque
1957 655 2046 680 ves-

641 731 753 763 trum
781 717 973 759 animum
995 725 1080 758 tam
1111 714 1303 758 diuturni
1327 714 1521 756 moeroris
1544 713 1752 756 anxietate
1777 714 2048 757 vehementer

640 795 821 839 indolui.
833 795 887 836 Et
902 793 1112 851 quamvis,
1129 793 1203 851 qui
1224 808 1290 834 ine
1315 791 1442 849 longe
1460 800 1673 849 praestent,
1685 791 1921 833 amicorum
1935 791 2047 833 sola-

642 875 697 916 tia
722 870 978 916 tentaverint
1000 870 1116 911 hunc
1143 878 1306 911 tantum
1328 868 1466 910 levare
1489 866 1683 909 dolorem
1698 899 1709 918 ,
1735 883 1812 909 nec
1838 876 1974 909 tamen
1995 867 2049 909 ob

638 967 729 993 eam
756 965 844 992 rem
871 946 1152 1007 profecerint,
1182 956 1228 988 ut
1262 946 1412 988 litteris
1435 945 1582 987 vestris
1616 946 1711 987 satis
1736 945 1910 997 eminet,
1935 944 2051 1003 quod

640 1029 720 1087 ipsi
754 1042 873 1069 casus
897 1026 1026 1067 vestri
1052 1023 1438 1066 considerationem
1474 1038 1560 1065 non
1588 1023 1686 1064 satis
1718 1022 1770 1064 ad
1803 1038 1844 1064 se
1868 1021 2051 1064 admise-

645 1115 767 1157 runt,
790 1120 840 1146 eo
861 1119 994 1161 usque
1021 1112 1068 1144 ut
1089 1117 1236 1144 eorum
1257 1101 1433 1160 quidam
1462 1116 1588 1159 super
1610 1116 1781 1142 excessu
1807 1100 2054 1158 gratissimae

644 1183 863 1243 quondam
883 1181 1027 1224 uxoris
1047 1178 1350 1238 gratulandum
1372 1188 1622 1229 monerent,
1647 1178 1786 1236 quod,
1812 1188 1859 1220 ut
1881 1179 2051 1236 opinor,

645 1259 752 1301 nihil
787 1257 840 1300 ad
875 1255 1209 1299 consolationem
1232 1255 1439 1313 pertinet,
1469 1271 1553 1296 non
1588 1264 1672 1297 tam
1698 1255 1828 1298 fetatis
1860 1254 2052 1306 levitate,

643 1337 708 1379 vel
751 1335 941 1393 ingenii,
982 1332 1099 1391 quod
1144 1334 1345 1391 exiguum
1385 1334 1519 1375 sentio
1546 1367 1556 1385 ,
1596 1332 1857 1375 confidentia
1874 1365 1885 1385 ,
1924 1349 2053 1391 quam

643 1414 767 1473 proni
789 1428 889 1470 erga
915 1427 988 1453 vos
1018 1411 1174 1452 amoris
1205 1409 1525 1468 magnitudine,
1552 1410 1640 1453 haec
1663 1426 1856 1462 rursum,
1885 1409 2053 1468 qualia-

643 1505 810 1547 cunque
833 1489 938 1540 sint,
958 1488 1003 1529 in
1026 1486 1153 1529 vestri
1171 1485 1369 1528 solatium
1392 1502 1478 1529 non
1498 1502 1591 1529 sum
1611 1487 1771 1529 veritus
1794 1485 1967 1529 cudere.
1996 1486 2057 1529 Si-

642 1566 815 1626 quidem
837 1565 1033 1608 conscius
1068 1564 1176 1606 mihi
1208 1580 1301 1606 sum
1327 1565 1528 1607 intimum
1551 1581 1618 1607 me
1644 1564 1919 1608 nobilissimae
1942 1564 2056 1607 illius

639 1642 809 1685 feminae
836 1651 990 1694 morte,
1012 1656 1111 1683 cum
1135 1650 1271 1683 vestra
1286 1674 1296 1693 ,
1317 1650 1408 1683 tum
1434 1641 1561 1683 etiam
1590 1641 1721 1700 ipsius
1752 1643 1862 1695 vice,
1884 1643 2056 1685 traxisse

640 1719 851 1774 dolorem,
863 1735 990 1778 quem
1006 1718 1208 1760 atrociter
1221 1727 1537 1777 exasperantem
1552 1727 1698 1761 vestrae
1712 1718 1859 1761 littera!
1871 1751 1881 1771 ,
1900 1717 2053 1769 fateor,

639 1797 936 1840 recrudescere
973 1805 1222 1853 coegerunt.
1261 1794 1384 1838 Unde
1417 1810 1688 1853 nequaquam
1720 1794 2054 1854 desperaverim,

639 1874 756 1933 quod
786 1873 879 1916 aliis
911 1872 1123 1925 necdum,
1159 1872 1213 1915 sit
1242 1870 1389 1914 datum
1422 1872 1551 1923 mihi,
1583 1881 1631 1914 ut
1658 1871 1835 1930 aliquod
1857 1871 2054 1914 solatium

639 1951 758 1994 vobis
782 1949 1036 2009 persuadere
1054 1949 1212 2009 possim
1230 1965 1254 1990 a
1273 1949 1462 1991 Domino
1486 1958 1761 1992 reservatum.
1779 1948 1946 1992 Vilibus
1964 1947 2055 2007 ple-

638 2044 818 2087 rumque
860 2026 1100 2069 remedium
1135 2026 1344 2084 quaeritur
1378 2025 1495 2084 quod
1529 2027 1843 2085 pretiosissimis
1880 2036 1922 2069 et
1954 2026 2055 2068 artis

639 2103 962 2162 vigilantissima
974 2103 1222 2163 compositis
1237 2102 1461 2161 diligentia
1476 2102 1634 2146 frustra
1659 2103 1733 2146 diu
1751 2113 1958 2146 tentatum
1976 2112 2051 2145 est.

697 2180 844 2239 Itaque
869 2179 1189 2223 firmamentum
1204 2180 1327 2238 justi,
1348 2189 1395 2222 ut
1416 2179 1537 2222 vobis
1554 2179 1739 2232 videtur,
1754 2179 1915 2221 doloris
1928 2180 2055 2221 vestri

642 2257 746 2300 duas
766 2258 810 2299 in
833 2266 993 2315 parteS,
1021 2256 1220 2316 epistolas
1248 2256 1356 2299 mihi
1381 2254 1619 2308 reddendo,
1644 2254 1859 2298 divisistis.
1894 2254 2054 2298 Earum

640 2334 803 2393 prima,
831 2348 925 2391 quae
953 2342 996 2375 et
1026 2332 1093 2375 vel
1117 2335 1303 2376 maxima
1336 2332 1410 2374 illa
1443 2342 1529 2385 est,
1569 2331 1687 2391 quod
1722 2341 1821 2374 vota
1851 2341 1988 2374 vestra
2015 2341 2057 2374 et

639 2426 753 2470 spes,
779 2425 910 2468 quam
926 2410 971 2452 in
994 2419 1239 2452 sanctorum
1258 2410 1500 2467 Martyrum
1520 2408 1823 2451 intercessione
1841 2407 2057 2451 locavera-

641 2488 793 2540 tis,vos
814 2485 932 2529 velut
948 2487 1067 2529 irrita
1083 2486 1345 2530 fefellerunt.
1367 2487 1529 2540 Altera,
1546 2502 1641 2545 quae
1659 2487 1851 2545 proxime
1873 2487 2053 2546 primam

639 2567 819 2619 accedit,
838 2563 957 2625 quod
974 2567 1142 2608 sinister
1157 2566 1228 2610 ille
1251 2584 1372 2611 casus
1389 2577 1600 2626 quantum
1620 2567 1742 2610 vobis
1762 2567 2055 2627 importaverit

638 2643 920 2694 incommodi,
942 2643 1203 2702 quotidianis
1229 2646 1368 2688 metiri
1393 2645 1575 2703 negotiis
1598 2645 1832 2702 cogimini,
1857 2643 1960 2686 dum
1979 2659 2054 2686 vos

687 2811 736 2853 (i)
766 2811 859 2856 Voy.
881 2810 1060 2846 ci-dessus
1078 2818 1172 2846 cette
1192 2812 1310 2855 lettre,
1329 2824 1363 2859 p.
1385 2812 1460 2856 154,
1480 2817 1520 2847 11⁰
1541 2823 1643 2846 Lxxn.
