2105 3348
552 304 602 340 :36
981 303 1231 340 EINHARDI
1266 303 1532 340 EPISTOLAE.

553 390 687 436 sunt,
710 380 927 426 x-olumus
945 391 996 427 ut
1011 381 1185 427 dentur
1201 382 1256 427 ad
1276 382 1402 427 illam
1420 381 1643 428 familiam
1659 400 1765 447 quae
1784 382 1956 428 ibidem

551 467 636 502 est.
658 455 755 502 Nos
772 473 911 515 vero,
932 456 1141 505 Domino
1157 459 1404 523 adjuvante
1418 493 1428 513 ‚
1450 458 1485 503 si
1507 458 1599 503 vita
1618 476 1771 505 comes
1791 458 1954 514 suerit,

551 534 787 590 volumus,
807 533 930 579 circa
947 535 1137 581 missam
1155 536 1302 583 sancti
1323 535 1541 591 Martini,
1562 536 1616 581 ad
1635 536 1858 599 palatium
1876 553 1957 582 ve-

553 611 655 657 nire
679 630 689 655 :
719 620 765 656 ct
785 610 889 657 ideo
908 612 1127 660 volumus
1147 625 1200 660 ut
1220 612 1320 660 haec
1345 614 1502 661 omnia
1522 613 1794 677 junioribus
1818 614 1958 661 ctiam

552 695 662 731 nota
687 685 853 743 facias,
876 687 1033 753 eisque
1052 705 1108 735 cx
1123 688 1270 736 verbo
1294 700 1460 738 nostro
1484 689 1725 753 praecipias
1750 700 1803 734 ut
1828 689 1959 734 simi-

549 762 658 809 liter
681 762 737 809 de
768 780 967 829 expensa
996 776 1159 814 nostra
1177 767 1377 824 faciant,
1400 767 1520 813 sicut
1546 777 1590 813 te
1615 766 1768 814 facere
1792 767 1959 830 praeci—

549 839 722 901 pimus.
748 840 876 888 Bene
898 840 1014 888 vale.

717 996 864 1036 XXIV.
897 999 962 1036 AD
993 999 1260 1048 QUEMDAM
1291 1001 1591 1039 MINISTRUM
1621 1000 1781 1039 SUUM.

609 1104 664 1149 In
684 1103 858 1150 Christi
882 1106 1096 1162 nomine,
1126 1107 1411 1163 Einhardus,
1443 1107 1595 1153 dictus
1621 1107 1785 1164 abbas,
1819 1107 1878 1153 N.
1909 1108 1958 1152 in

546 1179 755 1226 Domino
785 1180 1001 1227 salutem.
1036 1210 1101 1218 —
1130 1182 1312 1229 Notum
1343 1182 1430 1229 tibi
1467 1183 1664 1229 facimus
1695 1183 1823 1249 quod
1854 1199 1956 1229 cera

547 1255 811 1320 indigemus
837 1256 893 1303 ad
917 1258 1163 1306 servitium
1186 1269 1404 1306 nostrum
1420 1295 1432 1315 ,
1461 1270 1506 1307 et
1528 1259 1616 1307 hoc
1644 1261 1691 1306 in
1722 1260 1819 1305 istis
1841 1259 1957 1306 locis

545 1350 825 1396 recuperare
861 1351 960 1382 non
1002 1353 1250 1398 possumus
1269 1373 1282 1394 ‚
1325 1338 1433 1401 quia
1479 1355 1649 1400 parvus
1691 1348 1954 1402 proventus

542 1410 694 1457 mellis
710 1410 803 1457 fuit
821 1428 906 1475 per
925 1412 1011 1460 hos
1025 1412 1144 1460 duos
1160 1432 1310 1461 annos
1329 1415 1378 1460 in
1405 1415 1502 1461 istis
1526 1414 1816 1480 regionibus.
1844 1414 1954 1462 Ideo

541 1486 763 1535 volumus
789 1498 844 1534 ut
877 1498 1047 1536 tractes
1065 1500 1206 1556 atque
1227 1492 1492 1539 consideres
1519 1510 1627 1539 cum
1647 1492 1708 1539 N.
1730 1493 1952 1557 qualiter,

539 1564 577 1610 si
614 1564 717 1612 fieri
751 1576 934 1629 potest,
970 1585 1115 1613 unam
1148 1579 1405 1616 saumatam
1425 1571 1496 1634 (1)
1522 1569 1662 1617 nobis
1694 1569 1858 1617 venire
1881 1570 1953 1633 (2)

535 1642 718 1689 faciatis
738 1644 879 1690 simul
910 1662 1018 1691 cum
1046 1646 1227 1693 vasallis
1255 1648 1460 1704 nostris,
1485 1649 1567 1711 qui
1593 1647 1649 1693 ad
1670 1665 1756 1695 nos
1780 1647 1836 1693 de
1857 1647 1954 1693 istis

537 1719 780 1783 partibus,
817 1733 926 1787 post
956 1723 1146 1770 missam
1175 1726 1324 1772 sancti
1359 1726 1584 1782 Bzwonis,
1621 1734 1949 1773 revertuntur.

536 1797 664 1846 Bene
686 1799 787 1847 vale
811 1812 858 1848 et
879 1818 962 1849 ora
987 1819 1078 1866 pro
1101 1801 1258 1850 nobis.

922 1955 1046 1996 XXV.
1079 1959 1145 1997 AD
1175 1959 1223 1999 N.
1256 1959 1562 1999 EPISCOPUM.

1135 2064 1192 2101 De
1220 2065 1345 2105 venia.

601 2166 812 2214 Domino
836 2178 998 2214 sancto
1024 2178 1071 2214 et
1101 2170 1275 2217 merito
1298 2170 1554 2217 venerabili
1584 2171 1662 2228 N.,
1691 2174 1950 2222 reverendo

531 2245 839 2309 [episcopo]‚
884 2245 1150 2293 Einhardus
1191 2259 1428 2311 peccator.
1455 2278 1518 2286 —-
1543 2250 1750 2309 Quidam
1794 2269 1953 2298 servus

536 2323 720 2369 Sanctae
737 2322 919 2379 Mariae,
941 2324 1138 2371 nomine
1165 2325 1248 2382 N.‚
1270 2326 1327 2372 ad
1350 2337 1516 2374 vestrae
1534 2328 1792 2375 sanctitatis
1815 2331 1954 2392 pcrti-

535 2418 654 2448 nens
690 2410 996 2464 potestatem,
1041 2404 1172 2449 venit
1202 2403 1258 2450 ad
1295 2405 1458 2452 limina
1490 2405 1741 2453 beatorum
1774 2406 1950 2454 Christi

538 2487 806 2542 martyrum
822 2477 1084 2525 Marcellini
1109 2489 1155 2526 et
1179 2481 1334 2537 Petri,
1362 2500 1450 2545 pro
1475 2482 1646 2529 scelere
1672 2483 1801 2547 quod
1821 2502 1949 2531 com-

539 2554 669 2601 misit
699 2553 1031 2602 interficiendo
1066 2557 1247 2603 socium
1277 2575 1415 2605 suum
1446 2571 1644 2624 propter
1681 2560 1951 2608 scandalum

586 2727 637 2771 (1)
659 2725 752 2761 Cod.
772 2733 989 2762 soumatam.

585 2786 637 2831 (a)
659 2785 743 2820 Haec
763 2797 828 2820 vox
848 2786 886 2820 in
901 2786 1008 2822 editis
1027 2786 1256 2822 desideratur
