2105 3348
547 297 589 334 18
966 289 1220 330 ElNHARDl
1253 289 1524 328 EPISTOLAE.

538 375 773 430 valemus,
809 374 917 438 quia
953 389 1074 436 pene
1108 370 1229 417 nihil
1263 370 1370 417 inde
1399 370 1456 416 ad
1487 381 1699 417 nostram
1731 371 1953 418 notitiam

538 451 692 498 scietis
714 448 961 514 pervenire
975 467 988 505 ;
1013 465 1169 513 neque
1192 464 1280 494 nos
1299 445 1357 493 de
1381 445 1451 492 his
1471 463 1757 511 magnopere
1778 447 1952 494 curiosi

537 544 698 573 sumus
716 526 807 588 (1),
823 524 881 572 de
898 542 1108 590 quorum
1122 523 1398 588 cognitione
1415 522 1597 569 nullam
1614 523 1889 580 utilitatem,
1908 535 1955 569 et

536 619 731 667 parvam
754 601 1042 666 percipimus
1066 600 1379 664 voluptatem.
1404 599 1635 663 Optamus
1658 600 1955 646 sanctitatem

536 689 769 737 vestram,
798 690 976 727 nostrae
1003 677 1341 726 imbecillitatis
1365 695 1655 734 memorem,
1685 676 1735 723 in
1765 677 1956 723 Christo

538 774 724 821 semper
766 756 887 805 bene
928 757 1081 805 valere
1098 792 1113 815 ‚
1162 756 1452 803 sanctissime
1491 767 1538 803 et
1579 755 1958 803 reverentissime

538 846 687 899 pater.

798 1382 871 1421 XI.
906 1383 972 1419 AD
1003 1380 1407 1420 HRUOTBERTUM
1440 1380 1698 1419 COMITEM.

606 1489 863 1556 Magnifico
893 1498 940 1536 et
976 1486 1247 1535 honorabili
1275 1498 1418 1552 atque
1450 1486 1622 1533 illustri
1652 1486 1757 1534 viro
1786 1486 1966 1532 Hruot-

544 1569 707 1625 berto,
735 1567 946 1632 glorioso
970 1565 1162 1622 comiti,
1190 1576 1419 1612 aeternam
1441 1565 1488 1611 in
1515 1565 1724 1611 Domino
1748 1563 1962 1610 salutem.

544 1648 748 1711 —Rogo
764 1644 1109 1710 benignitatem
1129 1654 1334 1690 vestram
1353 1653 1408 1688 ut
1430 1641 1546 1689 mihi
1568 1640 1791 1688 mandare
1809 1640 1969 1705 digne-

546 1723 665 1771 mini
700 1721 817 1788 quid
845 1721 980 1769 vobis
1010 1720 1190 1785 placeat
1221 1731 1276 1766 ut
1309 1720 1379 1782 (2)
1410 1719 1556 1766 modo
1585 1718 1687 1766 fleri
1718 1716 1886 1765 debeat
1912 1716 1969 1763 de

547 1818 681 1848 causa
701 1798 955 1856 Alahfridi‚
976 1797 1185 1845 hominis
1204 1794 1391 1845 nostri?
1410 1797 1586 1845 Utrum
1607 1815 1665 1844 ex
1684 1806 1789 1844 toto
1813 1795 1971 1842 dimit-

548 1878 689 1926 tenda
716 1878 805 1935 sit,
833 1894 894 1923 an
925 1876 1004 1923 ille
1034 1876 1186 1923 adhuc
1214 1893 1401 1940 sperare
1424 1874 1593 1923 debeat
1627 1875 1725 1938 [ut]
1758 1874 1814 1920 ad
1840 1891 1970 1920 suam

541 1955 804 2021 justitiam,
827 1970 913 2019 per
936 1964 1145 2000 vestrum
1173 1953 1491 2018 adjutorium,
1515 1952 1763 2017 pervenire
1788 1969 1972 1999 merea-

552 2030 663 2078 tur?
688 2032 810 2078 Nam
835 2048 922 2096 ego
956 2040 1109 2078 totam
1134 2047 1345 2088 causam,
1372 2039 1418 2078 et
1444 2029 1651 2094 qualiter
1679 2047 1702 2075 a
1728 2027 1865 2077 vobis
1887 2045 1973 2092 per

552 2125 739 2157 veraces
771 2107 988 2156 homines
1018 2107 1242 2172 inquisita
1263 2117 1363 2165 est,
1399 2106 1541 2153 simul
1565 2123 1674 2152 cum
1703 2104 1975 2151 Adalhardo

553 2197 601 2235 et
619 2185 842 2234 Gebuino
862 2184 1120 2233 comitibus
1143 2185 1331 2249 palatii,
1354 2184 1535 2234 domno
1555 2183 1833 2248 imperatori
1853 2181 1975 2228 indi-

554 2265 654 2312 cavi
677 2284 687 2310 ε
713 2273 760 2311 et
781 2263 859 2311 ille
876 2262 1125 2328 respondit
1140 2262 1278 2320 mihi,
1304 2263 1480 2310 mirum
1503 2261 1592 2309 sibi
1615 2261 1765 2309 videri
1785 2278 1870 2307 cur
1896 2259 1975 2306 illa

554 2359 688 2389 causa
707 2342 808 2405 jam
837 2339 972 2387 finita
995 2342 1063 2403 (3)
1088 2357 1188 2388 non
1211 2340 1392 2388 fuisset.
1425 2338 1536 2388 Ideo
1562 2356 1733 2404 precor
1757 2338 1975 2386 dileetio-

554 2436 666 2467 nem
694 2428 899 2467 vestram
934 2428 989 2465 ut
1015 2436 1145 2465 nunc
1172 2419 1241 2483 (4)
1275 2417 1393 2465 mihi
1429 2418 1654 2465 mandare
1683 2416 1974 2482 dignemini,

601 2558 653 2603 (1)
677 2556 771 2593 Cod.
788 2558 1070 2592 curiosissimus.

602 2618 653 2665 (α)
679 2617 739 2653 Sic
757 2616 884 2652 codex.
907 2616 1008 2652 Editi
1021 2617 1086 2651 vel
1100 2623 1151 2651 ut.

599 2677 650 2724 (3)
675 2677 768 2715 Cod.
790 2679 915 2714 situla.

601 2738 652 2782 (4)
676 2736 770 2773 Cod.
785 2750 875 2780 non,
893 2736 994 2785 quod
1011 2748 1119 2773 sensu
1135 2743 1247 2771 caret.
1267 2736 1374 2771 Hunc
1389 2736 1510 2772 locum
1526 2736 1671 2783 pristini
1691 2734 1850 2771 editores
1872 2732 1977 2767 aliter

555 2797 789 2832 restituentes
813 2814 818 2818 -
843 2811 878 2832 ιι.
902 2810 972 2831 non
991 2810 1038 2830 m.
1059 2810 1105 2830 m.
1127 2795 1380 2841 dedignemini
