2105 3348
618 269 694 306 282
915 270 1158 308 HISTORIA
1189 272 1609 324 TRANsLATIONIS‚
1642 292 1721 318 Ere.

606 348 940 410 jussi.-Tum
954 366 1041 413 ego
1060 370 1069 396 z
1092 350 1245 400 Nemo
1263 363 1349 410 est,
1374 354 1587 420 inquam,
1609 362 1691 423 qui
1707 363 1881 421 credat,
1901 369 2030 431 quod

616 422 806 486 angelus
828 441 1014 471 mecum
1036 426 1224 475 locutus
1244 430 1331 487 sit,
1353 441 1434 477 aut
1453 450 1528 480 me
1553 432 1636 480 ista
1659 439 1880 487 nuntiare
1897 460 2030 489 man-

612 499 991 551 daverit.—Non
1010 506 1118 564 erit,
1137 507 1312 573 inquit,
1333 510 1418 566 ita3
1440 512 1518 558 sed
1532 511 1655 560 dabo
1675 516 1882 580 signum,
1901 523 2031 585 quod

613 577 751 622 facias
778 595 937 625 coram
968 581 1031 628 eis
1058 603 1067 628 :
1102 602 1199 649 quo
1235 586 1361 642 viso,
1398 587 1577 634 nullam
1610 591 1731 638 ultra
1766 593 2031 645 dubitatio-

612 670 724 699 nem
755 652 1000 704 habebunt
1028 658 1085 706 de
1113 659 1184 706 his
1205 679 1312 726 quae
1333 663 1389 710 ad
1411 682 1488 711 eos
1509 683 1561 712 ex
1585 684 1682 714 mea
1697 670 1908 732 jussione
1928 692 2031 737 per-

612 731 792 779 tuleris.
822 734 1029 784 Proinde
1055 739 1166 786 volo
1202 739 1326 787 dicas
1353 743 1566 792 Ratleico
1603 757 1655 792 ut
1692 748 1912 796 exhibeat
1940 752 2026 799 tibi

608 809 727 856 duos
763 829 922 860 cereos
956 833 1105 863 novos
1139 820 1221 884 qui
1253 822 1468 868 nondum
1504 825 1684 871 accensi
1717 826 1947 887 fuissent;
1984 843 2031 878 et

609 906 761 935 unum
792 910 846 938 ex
874 894 939 939 eis
966 895 1129 942 dextra
1146 933 1158 954 ,
1186 899 1390 946 alterum
1414 902 1602 948 sinistra
1631 913 1821 963 tenem,
1851 919 1918 955 sta
1945 927 2031 957 co-

608 984 710 1012 ram
731 969 894 1027 altari;
917 983 963 1019 et
978 991 1086 1019 cum
1107 978 1286 1034 omnia,
1305 996 1413 1043 quae
1440 980 1523 1026 tibi
1542 985 1766 1048 praecepi,
1789 990 2030 1037 narrando

606 1047 944 1110 compleveris,
975 1051 1050 1097 dic
1075 1053 1138 1099 eis
1166 1057 1249 1119 qui
1273 1055 1374 1103 haec
1396 1057 1623 1117 audiunt,
1653 1073 1706 1107 ut
1733 1063 1782 1109 in
1810 1062 1901 1111 hoc
1926 1084 2030 1113 cre-

607 1121 723 1169 dant
746 1143 851 1172 vera
877 1137 924 1174 et
942 1127 1002 1174 ab
1026 1131 1193 1194 angelo
1214 1133 1297 1179 Dei
1319 1152 1414 1182 esse
1432 1137 1678 1196 mandata,
1702 1158 1810 1205 quae
1837 1143 2028 1204 dixisti,

607 1201 642 1245 si
666 1199 712 1247 hi
740 1205 861 1251 cerei
889 1205 936 1251 in
965 1208 1183 1256 manibus
1212 1212 1304 1258 tuis
1322 1251 1333 1269 ‚
1367 1215 1468 1261 sine
1493 1215 1790 1267 adhibitione
1815 1222 1935 1287 ignis
1954 1225 2029 1270 vi-

604 1275 779 1335 sibilis,
808 1280 990 1330 fuerint
1017 1284 1288 1335 videntibus
1315 1290 1406 1337 illis
1438 1292 1754 1342 illuminati.»

665 1595 772 1657 Quo
809 1598 965 1659 facto,
994 1605 1199 1668 scriptus
1235 1619 1304 1654 est
1339 1609 1554 1671 libellus,
1582 1615 1797 1682 mihique
1827 1619 2021 1678 allatus,

597 1689 649 1717 ac
675 1691 758 1735 per
778 1693 852 1722 me
873 1679 968 1742 regi
995 1679 1183 1728 oblatus
1200 1719 1212 1740 ,
1237 1684 1294 1730 ab
1322 1686 1405 1734 illo
1423 1706 1616 1754 quoque
1642 1705 1860 1758 acceptus
1884 1707 2026 1762 atque

599 1751 836 1813 perlectus
875 1767 962 1802 est.
1008 1758 1192 1809 Idcirco
1227 1763 1380 1811 visum
1417 1778 1487 1812 est
1523 1768 1661 1826 mihi,
1701 1772 1827 1819 inter
1858 1787 2023 1823 caetera

598 1828 852 1886 miracula,
893 1831 1040 1880 libelli
1085 1835 1222 1901 hujus
1253 1840 1407 1890 facere
1442 1848 1767 1906 mentionem,
1801 1853 1908 1916 quia
1942 1871 2026 1918 per

596 1908 920 1966 occasionem,
960 1930 1051 1976 qua
1092 1915 1170 1962 ille
1213 1919 1356 1966 scribi
1389 1922 1669 1986 jubebatur,
1712 1930 1916 1995 contigit
1946 1932 2022 1978 illa

595 1983 828 2032 mirabilis
852 1997 899 2034 et
924 1991 1148 2040 unisitata
1187 2012 1438 2046 cereorum
1474 2004 1716 2062 accensio,
1759 2025 1902 2072 quam
1939 2028 2024 2073 per

595 2062 763 2108 merita
790 2063 1043 2114 beatorum
1068 2071 1340 2138 Martyrum
1368 2077 1471 2124 fieri
1492 2079 1664 2129 debere
1687 2084 1810 2147 ipse,
1835 2087 1916 2152 qui
1944 2106 2023 2135 eos

594 2139 907 2200 illuminavit,
930 2147 1123 2210 angelus
1146 2156 1507 2214 praenuntiavit.

659 2373 739 2420 49.
768 2375 867 2421 Sub
894 2376 1019 2424 idem
1044 2380 1144 2429 fere
1174 2393 1383 2449 tempuS,
1413 2406 1522 2437 cum
1560 2393 1798 2442 Ratleicus
1830 2415 1852 2443 a
1881 2398 2019 2446 nobis

593 2450 651 2496 ad
675 2449 916 2508 basilicam
940 2457 1209 2523 Martyrum
1231 2480 1469 2528 regressus
1489 2480 1582 2527 est,
1606 2472 1776 2521 allatus
1792 2486 1861 2523 est
1879 2477 2019 2525 nobis

592 2527 701 2575 inde
723 2529 843 2577 alter
884 2532 1099 2591 libellus,
1145 2541 1399 2590 continens
1430 2546 1572 2594 verba
1605 2560 1652 2596 et
1683 2553 2018 2605 ratiocinatio—

592 2623 704 2652 nem
727 2609 970 2671 cujusdam
997 2611 1253 2675 daemonis,
1282 2622 1362 2685 qui
1391 2641 1438 2670 se
1466 2626 1757 2693 Wiggonem
1787 2635 2014 2682 nomina—

589 2684 673 2732 vit.
715 2685 833 2745 Quae
862 2687 983 2736 facta
1021 2702 1090 2738 est
1113 2693 1173 2740 ab
1208 2714 1264 2744 eo
1292 2716 1454 2749 coram
1487 2706 1651 2755 multis
1680 2710 1878 2758 testibus
1903 2725 2013 2761 ante

592 2758 765 2819 altare,
800 2765 936 2827 juxta
976 2770 1105 2832 quod
1139 2775 1254 2820 sacri
1293 2778 1562 2843 Martyrum
1596 2784 1775 2834 cineres
1814 2790 2009 2853 repositi
