2105 3348
583 283 657 321 104
1003 277 1255 316 EINHARDI
1288 275 1559 315 EPISTOLAE.

582 372 770 418 noster,
797 376 983 407 necnon
1011 368 1057 404 ct
1081 356 1174 403 filia
1201 366 1298 411 tua,
1329 373 1490 403 amore
1522 358 1748 423 conjugii,
1777 359 1896 406 alter
1919 359 1993 406 al·-

583 450 737 486 terum
762 435 979 500 adipisci,
1011 434 1220 481 Domino
1243 432 1432 481 favente
1458 444 1506 480 et
1538 444 1689 481 vestra
1716 436 1988 493 voluntate,

580 516 795 578 cupiunt.
834 510 1154 572 Quamobrem
1177 511 1233 556 ad
1267 528 1349 558 vos
1377 512 1567 559 mittere
1596 512 1805 571 decrevi,
1841 514 1990 562 inno——

581 601 807 639 tescentes
825 590 954 655 quod
976 600 1071 635 tam
1096 589 1235 634 matri
1263 600 1309 635 ct
1333 588 1498 647 fratri,
1520 607 1664 655 quam
1691 600 1738 637 et
1767 591 1991 637 omnibus

579 668 886 733 propinquis,
922 667 958 713 si
994 666 1126 713 vobis
1161 666 1314 731 placet
1350 678 1404 713 ut
1441 666 1553 726 fiat,
1592 684 1864 732 congruum
1896 686 1992 716 esse

578 745 781 791 videtur.
808 746 1005 808 Insuper
1028 745 1170 790 etiam
1191 760 1277 808 ego
1308 761 1408 791 non
1427 745 1583 792 solum
1606 755 1660 791 ut
1679 745 1994 792 confirmetur

577 824 707 880 volo,
730 822 809 870 sed
834 833 888 870 ut
910 823 1200 879 honorifice,
1230 833 1378 887 prout
1409 823 1547 869 citius
1570 824 1640 887 (ι)
1667 840 1762 870 esse
1786 824 1989 887 poterit,

577 903 612 948 si
638 901 754 948 mihi
779 900 835 948 ad
860 900 1201 966 perficiendum
1236 910 1519 964 potestatem
1541 900 1783 958 dederitis,
1813 911 1910 946 tam.
1942 901 1992 946 in

576 978 836 1036 beneficiis,
859 996 1002 1043 quam
1023 978 1073 1024 in
1098 978 1198 1024 aliis
1218 978 1379 1035 rebus,
1405 978 1639 1043 condigne
1660 977 1880 1042 supplere
1906 995 1993 1023 cu·-

575 1058 676 1121 pio.
698 1058 896 1122 Insuper
922 1056 1046 1104 idem
1077 1057 1173 1121 ipse
1199 1055 1425 1120 praefatus
1449 1056 1646 1102 vasallus
1671 1056 1834 1103 dotem
1861 1053 1994 1101 dabit

579 1134 666 1199 [et]
695 1145 834 1200 auget
864 1153 1061 1181 munera
1084 1155 1093 1180 :
1118 1133 1452 1182 tantummodo
1479 1133 1587 1180 huic
1613 1134 1680 1180 rei
1704 1145 1917 1198 superest
1941 1143 1994 1179 ut

576 1222 656 1258 aut
682 1230 764 1260 vos
802 1213 888 1276 ipsi
925 1213 981 1259 ad
1015 1213 1105 1260 hoc
1131 1230 1250 1279 opus
1287 1212 1631 1277 perficiendum
1668 1231 1752 1277 per
1787 1230 1993 1277 praesens

575 1290 738 1338 venire
758 1308 858 1337 non
877 1291 1122 1349 differatis,
1145 1303 1244 1349 aut,
1265 1302 1320 1337 ut
1338 1310 1359 1337 a
1378 1291 1517 1338 nobis
1538 1292 1829 1356 perficiatur,
1850 1292 1993 1338 licen-

575 1367 690 1413 tiam
725 1368 1008 1415 concedatis.
1032 1370 1216 1416 Scimus
1236 1369 1365 1415 enim
1397 1369 1512 1435 quid
1532 1387 1618 1434 per
1637 1386 1861 1434 praesens,
1893 1370 1994 1415 Do-

573 1445 708 1492 mino
748 1445 936 1494 favente
951 1483 963 1504 ,
1006 1448 1195 1512 explere
1237 1464 1510 1511 possumus,
1557 1448 1635 1494 sed
1678 1447 1794 1512 quid
1828 1446 1991 1492 futura

573 1523 725 1587 pariat
745 1523 842 1570 dies
862 1525 1152 1589 ignoramus.
1175 1524 1285 1571 Ideo
1305 1525 1537 1589 scriptum
1554 1535 1623 1571 est
1643 1545 1652 1569 :
1677 1545 1699 1569 «
1719 1524 1828 1571 Non
1848 1534 1993 1571 cesset

573 1618 740 1646 manus
762 1611 838 1647 tua
858 1637 870 1658 ,
896 1620 995 1649 non
1018 1613 1162 1649 cesset
1180 1619 1260 1666 pes
1277 1613 1403 1660 tuus,
1426 1602 1503 1649 sed
1519 1601 1855 1667 quodcumque
1876 1600 1993 1665 [sa-

574 1696 679 1725 cere
698 1691 924 1745 possunt,
949 1682 1200 1746 instanter]
1225 1698 1421 1746 operare
1440 1681 1526 1744 (2).
1547 1700 1570 1725 »
1593 1681 1675 1727 His
1699 1681 1759 1727 ita
1782 1681 1992 1744 praemis—

573 1755 634 1801 sis
659 1756 754 1820 (3),
789 1773 1009 1821 rogamus
1034 1768 1112 1817 ut,
1145 1770 1242 1805 tam
1270 1776 1355 1823 per
1377 1757 1506 1804 hunc
1529 1758 1724 1804 missum
1760 1758 1989 1822 [nostrum

573 1852 715 1895 quam
731 1854 820 1898 per
832 1836 1030 1899 lz't]teras
1051 1847 1242 1894 vestras,
1266 1854 1353 1884 nos
1371 1837 1429 1883 de
1448 1835 1533 1883 hac
1552 1854 1603 1883 re
1621 1847 1775 1883 certos
1794 1835 1990 1883 reddere

573 1911 937 1976 studeatis(4)ac
953 1914 1207 1978 fe[stzneli.5
1228 1915 1396 1978 qnam]
1412 1915 1526 1961 cito.
1551 1914 1678 1962 Bene
1704 1913 1867 1960 valete.

943 2072 965 2094 ⁴‘
991 2071 1096 2112 LIX.
1131 2073 1195 2110 AD
1226 2072 1272 2110 N.
1303 2071 1607 2110 EPISCOPUM.

637 2177 846 2223 Domino
866 2189 1029 2224 sancto
1058 2188 1104 2224 et
1126 2178 1301 2224 merito
1328 2176 1587 2224 venerabili
1608 2176 1668 2222 N.
1694 2177 1868 2222 summi
1896 2177 1982 2222 Dei

571 2252 828 2310 sacerdoti,
861 2253 1129 2300 Einhardus
1160 2265 1395 2318 peccator.
1419 2283 1484 2290 —
1503 2252 1714 2301 Vasallus
1752 2253 1838 2299 iste
1875 2253 1983 2317 [no-

570 2331 713 2394 mine]
736 2331 913 2389 lrtheo,
939 2333 1237 2398 propinquus
1253 2351 1384 2380 meus
1402 2344 1471 2380 est
1494 2342 1541 2378 et
1558 2330 1652 2377 fuit
1669 2348 1754 2395 per
1772 2331 1983 2396 aliquan-

629 2672 664 2720 3)
692 2675 795 2708 Hauc
813 2687 937 2710 vocem
954 2689 1037 2710 cum
1058 2675 1165 2711 editis
1183 2678 1440 2721 emendamus,
1463 2679 1540 2714 cod.
1563 2681 1695 2714 omini.

632 2733 665 2777 4)
692 2733 782 2768 Cod.
803 2734 957 2771 studete.
