2105 3348
599 271 650 308 86
1023 257 1277 297 EINHARDI
1308 255 1582 294 EPISTOLAE.

598 349 682 405 his,
699 363 805 411 quae
822 342 959 407 [illic]
974 350 1200 404 aguntur,
1219 336 1380 384 audire
1395 336 1613 384 delectat.
1632 337 1699 384 De
1711 349 1756 386 te
1769 349 1815 385 et
1827 338 1869 403 (1
1882 339 1902 402 )
1917 356 2011 386 cae-

598 425 707 472 teris
726 420 886 468 amicis
902 418 1018 464 meis
1032 453 1043 473 ,
1066 417 1102 462 si
1119 425 1165 463 te
1178 425 1376 478 excepto
1394 414 1562 479 aliquis
1576 415 1818 473 remansit,
1841 434 2008 481 magna

596 514 664 550 est
683 498 799 546 mihi
820 514 930 543 cura
952 512 1237 559 cognoscere
1261 492 1341 540 ubi
1371 493 1496 552 sitis,
1519 502 1566 540 et
1583 492 1698 558 quid
1717 495 1877 559 agatis.
1901 494 2011 542 Ideo

595 577 776 626 caritati
800 586 892 621 tuae
908 572 987 619 has
1004 573 1183 619 litteras
1203 572 1394 619 mittere
1412 571 1590 628 curavi,
1611 580 1665 617 ut
1682 581 1724 619 te
1739 588 2012 620 commone-

591 656 796 702 facerem
807 651 1014 699 scribere
1028 649 1144 696 mihi
1161 650 1218 697 de
1233 649 1303 696 his
1319 667 1426 715 quae
1441 659 1648 712 aguntur
1659 667 1765 714 erga
1781 660 1844 707 te,
1864 650 1910 696 id
1921 660 2008 708 est,

592 733 719 798 quali
740 731 887 778 uteris
901 727 1178 782 valitudine,
1193 738 1238 775 et
1255 727 1382 792 [ubi]
1406 728 1477 775 vel
1496 728 1688 793 quando
1704 729 1893 776 evenire
1909 746 2014 792 pos-

592 811 652 857 sit
664 821 735 866 ut,
753 810 849 855 vita
862 808 1056 864 comite,
1073 806 1130 852 ad
1144 807 1347 852 invicem
1361 823 1447 853 nos
1458 805 1716 852 videamus.
1736 807 1870 870 Saepe
1884 806 2014 854 enim

592 902 638 937 te
662 888 839 943 videre,
858 904 910 933 ac
929 897 1088 934 tecum
1107 884 1240 951 loqui
1258 884 1515 932 desideravi
1539 905 1548 930 :
1572 884 1649 931 sed
1666 901 1931 949 numquam
1944 901 2016 930 ar-

590 969 778 1016 dentius
798 984 942 1032 quam
964 964 1128 1020 modo,
1151 966 1261 1030 quia
1285 981 1549 1029 numquam
1567 962 1684 1009 mihi
1704 965 1856 1027 major
1876 963 2015 1008 incu-

590 1046 697 1092 buit
716 1045 964 1092 necessitas
983 1053 1036 1089 ut
1053 1043 1110 1090 de
1129 1041 1305 1107 agenda
1327 1042 1422 1088 vita
1442 1059 1552 1088 cum
1572 1042 1725 1088 amico
1743 1040 2015 1088 conferrem

590 1136 731 1190 atque
744 1132 1014 1178 tractarem,
1027 1120 1159 1187 quod
1169 1138 1274 1167 cum
1290 1120 1481 1167 nemine
1494 1119 1721 1166 libentius
1736 1118 1858 1165 facio
1871 1136 2016 1183 quam

591 1212 768 1257 tecum,
795 1199 927 1265 quod
953 1200 1002 1245 in
1029 1198 1206 1246 nullius
1231 1197 1322 1245 fide
1345 1199 1575 1259 majorem
1596 1195 1746 1243 habeo
1771 1195 2012 1242 fiduciam.

590 1279 697 1327 Misi
713 1295 798 1342 per
813 1277 940 1324 hunc
954 1294 1159 1341 puerum
1178 1276 1359 1322 litteras
1375 1276 1446 1338 (2)
1463 1273 1520 1321 ad
1534 1274 1593 1321 N.
1609 1272 1848 1331 abbatem,
1871 1290 2017 1338 quem

591 1374 728 1422 rogo,
757 1357 791 1402 si
819 1357 886 1403 ire
913 1355 1143 1420 potuerit,
1166 1373 1250 1419 per
1269 1354 1477 1419 aliquem
1501 1364 1699 1400 tuorum
1717 1370 1866 1417 usque
1887 1351 1943 1398 ad
1964 1351 2016 1396 il-

591 1435 692 1481 lum
715 1433 882 1481 deduci
906 1434 1045 1481 facias
1061 1470 1074 1493 ,
1102 1444 1207 1490 aut,
1234 1433 1269 1479 si
1291 1432 1441 1489 forte,
1470 1443 1668 1496 propter
1690 1430 2019 1478 lassitudinem

585 1515 942 1576 jumentorum,
966 1521 1020 1556 ut
1044 1511 1232 1558 evenire
1253 1511 1325 1574 (3)
1350 1510 1494 1567 solet,
1518 1510 1706 1574 longius
1725 1511 1793 1556 ire
1816 1526 1914 1556 non
1935 1525 2019 1572 po-

593 1591 734 1646 terit,
767 1606 939 1653 precor
958 1599 1013 1634 ut
1042 1589 1250 1645 litteras,
1275 1605 1389 1652 quas
1413 1587 1613 1634 Folconi
1638 1587 1807 1644 mitto,
1833 1584 1937 1650 [ab]
1962 1603 2018 1634 eo

593 1667 809 1732 accipias,
832 1677 879 1714 et
896 1667 934 1714 ei
954 1683 1040 1732 per
1059 1666 1266 1732 aliquem
1284 1665 1475 1730 dirigas,
1497 1682 1702 1730 eumque
1721 1664 1927 1728 preceris
1942 1663 2015 1726 (4)

592 1757 649 1792 ut
672 1746 789 1792 mihi
814 1744 1120 1809 respondeat,
1152 1755 1295 1810 atque
1327 1761 1637 1809 responsum,
1669 1742 1800 1808 quod
1830 1742 1872 1790 ei
1906 1741 2019 1789 dare

593 1824 853 1889 placuerit,
877 1823 966 1869 tibi
1001 1823 1242 1884 remittat3
1269 1833 1315 1869 et
1347 1833 1401 1869 tu
1436 1823 1494 1868 ad
1529 1839 1631 1879 me,
1669 1839 1780 1867 cum
1805 1821 2019 1885 primum

595 1902 821 1949 idoneum
849 1901 1140 1964 perlatorem
1165 1901 1424 1955 inveneris,
1452 1901 1607 1964 ipsum
1627 1915 1913 1964 responsum
1943 1898 2019 1944 fa-

595 1980 686 2026 cias
708 1983 975 2044 pervenire.
998 1979 1125 2043 Opto
1146 1989 1192 2026 te
1203 2015 1216 2036 ,
1244 1979 1511 2026 amicorum
1530 1978 1879 2034 amantissime,
1901 1994 2019 2024 sem-

595 2075 680 2121 per
700 2057 749 2103 in
768 2055 959 2102 Christo
976 2055 1100 2103 bene
1120 2057 1275 2103 valere
1288 2092 1301 2113 ,
1325 2067 1373 2103 et
1395 2057 1488 2103 mei
1510 2073 1772 2103 memorem
1803 2072 1915 2102 esse.

958 2210 1141 2249 XLVIII.
1174 2213 1240 2250 AD
1271 2212 1319 2250 N.
1353 2211 1661 2250 EPISCOPUM.

664 2317 873 2364 Domino
901 2328 1063 2365 sancto
1084 2327 1130 2364 et
1151 2317 1325 2365 merito
1346 2315 1604 2365 venerabili
1631 2317 1715 2374 N.,
1739 2315 2018 2364 reverentis-

600 2397 718 2442 simo
743 2395 1032 2459 [episcopo],
1053 2394 1318 2442 Einhardus
1333 2412 1470 2461 pecca
1478 2405 1571 2443 tor.
1587 2396 1755 2442 —Iste
1770 2393 2019 2459 presbyter

644 2590 696 2633 (ι)
723 2587 818 2622 Edit.
844 2587 900 2622 De
919 2589 1072 2621 meter-is.

647 2649 698 2693 (2)
724 2646 815 2682 Cod.
838 2649 990 2681 interm.

649 2705 697 2751 (5)
723 2706 816 2742 Cod.
837 2713 872 2741 ct
888 2705 977 2741 edit.
1001 2708 1138 2740 venire.

650 2767 698 2809 (4)
726 2766 814 2802 Cod.
838 2760 1017 2811 proceres.
