2105 3348
591 297 671 334 350
889 290 1131 329 HISTORIA
1162 287 1587 334 TRANSLATIONIS,
1621 303 1698 326 mc.

590 373 831 435 Trajectus
861 379 1076 425 vocatur,
1104 377 1153 414 et
1183 366 1324 413 distat
1354 364 1413 411 ab
1443 364 1652 430 Aquensi
1684 366 1859 429 palatio
1888 378 1999 416 octo

588 449 777 495 circiter
797 447 951 511 leugas
962 482 975 503 ‚
999 456 1162 510 estque
1182 443 1504 490 habitantium
1522 453 1568 489 et
1594 444 1836 508 praecipue
1854 463 2001 510 nego-

590 527 815 572 tiatorum
831 523 1142 571 multitudine
1161 521 1586 587 frequentissimus,
1603 522 1745 586 Cujus
1764 532 1943 581 textus,
1964 525 1999 570 si

590 605 706 649 bene
718 601 896 658 recolo,
913 601 961 647 in
978 602 1107 646 hunc
1118 600 1314 646 modum
1323 598 1511 646 videtur
1520 617 1615 646 esse
1627 600 2002 664 compositus.—

586 679 828 726 Adventus
847 689 1124 725 sanctorum
1143 677 1317 723 Christi
1345 686 1641 742 martyrum,
1667 677 1932 724 Marcellini
1957 689 2003 726 et

586 757 732 816 Petri,
749 756 805 804 ad
820 758 979 804 vicum
996 757 1292 821 Traiectum,
1308 756 1511 820 contigit
1528 756 1680 819 pridie
1697 772 1845 802 nonas
1855 757 1998 820 junii.

585 836 707 883 Nam
727 836 829 900 ipso
848 835 922 882 die
939 835 1072 882 venit
1092 834 1155 881 eis
1181 832 1374 882 obviam
1392 833 1449 880 de
1468 833 1634 880 eodem
1651 833 1758 880 vico
1785 833 2003 880 immanis

585 914 842 961 multitudo
873 913 1069 978 populi,
1102 912 1159 958 ad
1192 912 1541 976 susceptionem
1572 910 1769 958 illorum
1799 928 2004 975 congre-

584 1001 686 1057 gata
700 1027 713 1048 ,
758 989 951 1037 laudans
992 1000 1039 1038 et
1080 988 1363 1036 benedicens
1404 988 1557 1035 Deum
1600 1005 1741 1052 super
1776 988 2004 1035 immensa

584 1081 727 1135 atque
762 1067 1068 1116 inenarrabili
1101 1066 1425 1114 misericordia
1459 1083 1570 1124 sua,
1605 1083 1696 1131 qua
1728 1083 1813 1130 per
1847 1075 2005 1113 tantos

583 1158 811 1211 patronos
835 1146 1067 1210 populum
1088 1147 1139 1191 in
1160 1162 1207 1191 se
1226 1143 1500 1191 credentem
1520 1153 1567 1190 et
1589 1143 1911 1191 confidentem
1930 1143 2006 1189 vi-

583 1225 722 1271 sitare
756 1223 977 1288 dignatus
1017 1233 1102 1270 est.
1148 1223 1364 1286 Cumque
1402 1219 1474 1266 his
1507 1220 1722 1266 laudibus
1765 1229 1811 1268 et
1841 1220 2004 1267 laetitia

583 1302 814 1365 spirituali
843 1319 994 1366 usque
1031 1302 1086 1347 ad
1116 1300 1356 1346 basilicam
1393 1299 1448 1346 Β.
1489 1300 1687 1346 Servatii
1721 1309 2006 1363 perventum

586 1390 730 1436 esset,
755 1379 1097 1443 celebratisque
1121 1394 1229 1424 cum
1252 1394 1421 1442 magna
1445 1377 1664 1424 omnium
1687 1377 2007 1442 gratulatione

587 1459 836 1504 missarum
854 1456 1097 1504 solemniis
1112 1492 1124 1511 ,
1150 1466 1196 1503 et
1217 1455 1448 1502 universis
1467 1455 1524 1501 ad
1542 1473 1621 1501 sua
1641 1456 1862 1513 reversis,
1884 1455 2006 1504 fere-

590 1547 744 1593 trum,
771 1553 868 1601 quo
894 1535 1011 1581 sacri
1037 1535 1217 1581 cineres
1241 1534 1421 1581 advecti
1445 1545 1583 1590 sunt,
1609 1552 1633 1579 a
1653 1534 1831 1582 dextris
1849 1534 2007 1582 altaris

581 1616 716 1677 juxta
737 1612 970 1659 cancellos
990 1611 1277 1658 collocatum
1296 1621 1388 1667 est;
1418 1621 1642 1676 totusque
1662 1611 1742 1659 ille
1760 1612 1875 1670 dies,
1898 1629 2007 1658 cum

591 1690 772 1753 ingenti
797 1688 964 1736 eodem
989 1689 1038 1735 in
1065 1688 1171 1734 vico
1196 1687 1498 1736 consistentis
1526 1687 1692 1752 populi
1716 1688 2010 1736 exultatione

589 1778 732 1832 atque
749 1766 1049 1831 jucunditate
1064 1802 1076 1823 ,
1105 1775 1462 1813 consummatus
1485 1775 1571 1813 est.

653 1924 732 1970 82.
771 1922 986 1986 Cumque
1005 1920 1063 1967 ad
1085 1921 1412 1986 vespertinum
1431 1921 1638 1968 officium
1652 1923 1789 1985 juxta
1809 1937 2007 1968 consue-

590 1999 806 2046 tudinem
838 1998 1207 2057 celebrandum,
1243 1998 1456 2047 eamdem
1487 1999 1730 2046 basilicam
1758 1999 2008 2046 fuissemus

591 2078 814 2141 ingressi,
850 2078 1008 2124 aderat
1039 2078 1166 2124 inter
1190 2087 1387 2125 caeteros
1414 2095 1533 2141 puer
1556 2077 1747 2143 quidam
1767 2113 1781 2135 ,
1809 2078 2008 2124 nomine

589 2155 867 2219 Berngisus‚
898 2171 1041 2218 quem
1072 2154 1337 2218 propinqui
1369 2154 1439 2200 sui
1469 2153 1527 2201 de
1553 2170 1673 2218 pago
1704 2153 2003 2209 cundensio,

587 2240 696 2277 ante
720 2247 894 2294 paucos
918 2230 1014 2277 dies
1044 2230 1157 2277 illuc
1175 2231 1443 2287 venientes,
1466 2230 1767 2276 adduxerunt
1785 2246 1963 2275 caecum
1981 2247 2005 2275 a

588 2307 853 2353 nativitate.
877 2306 969 2365 Qui
990 2305 1151 2354 subito
1176 2324 1337 2353 coram
1356 2305 1581 2353 omnibus
1610 2307 1659 2352 in
1680 2307 2008 2369 pavimentum

589 2383 784 2439 eccidit,
818 2381 979 2447 ibique
1006 2382 1283 2447 aliquandiu
1318 2382 1447 2429 velut
1479 2399 1650 2447 sopore
1675 2382 1920 2447 depressus
1941 2384 2008 2446 ja-

590 2461 713 2516 cuit3
747 2477 956 2524 moxque
990 2461 1164 2524 apertis
1198 2461 1349 2508 oculis
1376 2460 1560 2519 lucem,
1591 2479 1733 2527 quam
1758 2479 2006 2526 nunquam

588 2546 697 2583 ante
715 2537 852 2593 vidit,
871 2536 1063 2583 Christo
1079 2537 1291 2585 Domino
1308 2555 1393 2601 per
1411 2538 1580 2584 merita
1598 2538 1882 2585 Sanctorum
1901 2554 2007 2584 suo-

587 2631 695 2660 rum
714 2613 942 2671 donante,
962 2615 1226 2679 conspexit.
1248 2616 1371 2662 Exin
1389 2616 1557 2681 quinta
1576 2615 1668 2674 die,
1691 2615 1737 2662 id
1757 2626 1849 2673 est,
1871 2626 2004 2663 sexto

587 2691 689 2737 idus
713 2692 866 2756 junii,
905 2692 1051 2740 homo
1080 2692 1300 2758 quidam,
1333 2702 1656 2759 cognomento
1687 2693 1999 2748 Hildimarus,

585 2770 665 2831 qui
686 2769 861 2835 surdus
872 2780 970 2815 erat
990 2780 1037 2815 ct
1057 2780 1216 2817 mutus
1232 2808 1242 2826 ‚
1268 2788 1427 2818 coram
1448 2770 1620 2818 eisdem
1648 2771 1787 2817 sacris
1811 2771 2002 2817 Sancto-
