2105 3348
604 291 682 328 330
900 288 1149 328 ltlISTORIA
1178 287 1594 337 TRANSLATIONIS,
1624 303 1704 328 mc.

602 366 708 412 loco
741 365 942 423 fixerat,
973 364 1254 428 suspendere
1285 365 1510 428 parabat:
1544 386 1567 411 «
1598 366 1791 424 Melius,
1824 370 2003 434 inquit,

603 441 689 487 tibi
720 451 814 497 est,
844 450 901 486 ut
929 459 1090 489 coram
1115 441 1185 489 his
1211 443 1494 490 Sanctorum
1518 442 1728 510 reliquiis
1746 480 1757 501 ‚
1792 462 1905 508 quas
1934 446 2007 492 hic

605 518 651 562 ²n
671 516 889 564 manibus
906 516 1082 577 lhabeo,
1103 520 1436 583 prosternaris,
1457 520 1702 586 Deumque
1717 538 1851 585 roges
1869 531 1924 568 ut
1943 532 2005 578 te,

601 609 685 656 per
711 594 879 641 merita
908 595 1191 642 corumdem
1223 597 1530 654 Sanctorum,
1563 596 1620 644 de
1647 597 1841 658 dolore,
1868 615 2009 663 quem

598 669 800 730 pateris,
829 669 1036 719 libe-rare
1060 672 1285 736 dignetur
1314 693 1324 718 :
1354 691 1465 719 nam
1495 683 1676 732 tumor,
1704 674 1786 738 qui
1816 674 1863 720 in
1894 673 2009 720 facie

601 756 677 791 tua
702 746 909 806 videtur,
937 759 1137 796 testatur
1161 749 1365 814 aliquem
1388 768 1613 814 magnum
1635 751 1684 796 in
1710 768 1792 797 ore
1813 760 1895 797 tuo
1916 767 2009 797 esse

598 821 831 870 dolorem.
856 842 881 868 »
906 823 986 871 Ad
1007 824 1108 871 haec
1131 824 1295 883 homo,
1323 828 1532 890 projecta
1552 826 1685 872 furca
1707 842 1849 889 quam
1867 842 2010 870 manu

599 899 798 959 ferebat,
822 913 939 951 ante
956 903 1178 969 reliquias
1198 921 1378 968 pronus
1399 904 1598 961 corruit,
1625 914 1689 961 et,
1714 914 1769 949 ut
1788 902 2010 950 diaconus

599 976 640 1023 ci
676 978 849 1036 suasit,
892 997 989 1043 pro
1028 981 1176 1028 salute
1216 997 1296 1027 sua
1336 980 1545 1029 Domino
1583 979 1880 1044 supplicavit.
1915 978 2011 1025 Nec

597 1052 738 1118 longa
773 1054 1059 1119 interposita
1088 1074 1246 1115 mora,
1285 1058 1350 1103 ita
1386 1073 1523 1103 sanus
1558 1054 1618 1102 ab
1653 1056 1871 1104 oratione
1903 1071 2013 1100 sur-

599 1130 746 1187 rexit,
777 1143 831 1178 ut
853 1150 948 1180 neo
977 1144 1139 1181 tumor
1163 1135 1212 1180 in
1237 1134 1382 1194 facie,
1408 1151 1496 1181 nec
1524 1133 1664 1181 dolor
1687 1134 1736 1179 in
1761 1131 2008 1187 dentibus,

599 1225 686 1254 nec
713 1207 886 1273 gibbus
905 1228 1009 1276 q[uo
1037 1211 1362 1275 premebatur,
1390 1221 1655 1259 remaneret
1682 1212 1731 1257 in
1755 1209 1916 1257 dorso.
1944 1208 2013 1254 Ac

597 1287 800 1348 proinde
826 1291 1024 1337 concito
1054 1291 1203 1356 gradu
1228 1290 1387 1336 vicum
1417 1290 1675 1355 ingressus,
1705 1306 1869 1337 omnes
1898 1303 2014 1352 pro-

597 1363 807 1428 pinquos
835 1384 889 1412 ac
917 1367 1102 1414 *vicinos
1126 1385 1234 1415 suos
1244 1403 1258 1427 ,
1289 1368 1338 1414 in
1367 1367 1532 1415 eodem
1562 1368 1670 1414 loco
1701 1365 2010 1422 constitutos,

597 1441 654 1486 ad
682 1441 869 1490 laudem
891 1446 997 1493 Dveo
1023 1445 1296 1503 dicendam,
1324 1456 1369 1493 et
1395 1446 1565 1511 gratias
1587 1445 1777 1492 Christo
1804 1443 2012 1490 Domino

597 1518 891 1578 referendas,
917 1521 1159 1569 invitavit.
1187 1522 1432 1569 Confluxit
1451 1523 1498 1569 in
1524 1532 1716 1587 pratum
1740 1521 1903 1586 ingens
1925 1537 2013 1583 po-

596 1595 696 1658 puli
725 1598 1019 1657 multitudo,
1045 1611 1092 1646 et
1117 1617 1206 1664 pro
1235 1617 1291 1647 eo
1316 1601 1397 1664 qui
1425 1610 1611 1646 sanatus
1637 1599 1818 1655 fuerat,
1843 1597 2013 1662 gratias

597 1684 757 1720 actura
786 1675 1167 1740 circumjacentis
1200 1678 1407 1742 regionis
1441 1677 1580 1724 turba
1613 1686 1894 1741 congregata
1925 1685 2009 1722 est.

597 1752 786 1816 Rogant
812 1770 982 1801 omues
1013 1753 1266 1802 diaconum
1295 1765 1349 1800 ut
1376 1755 1501 1800 illam
1530 1763 1721 1801 noctem
1757 1751 1822 1799 ibi
1856 1769 2014 1799 mora-

599 1839 755 1876 retur:
769 1848 856 1877 nec
871 1831 950 1878 ille
967 1832 1034 1879 eis
1048 1832 1139 1880 hoc
1156 1849 1325 1897 negare
1338 1841 1549 1895 poterat,
1566 1830 1676 1896 quia
1690 1830 1840 1894 parati
1858 1838 2010 1885 erant,

599 1907 688 1953 nisi
703 1910 974 1969 assentiret,
997 1911 1139 1957 etiam
1161 1910 1366 1957 invitum
1382 1909 1612 1957 detinere.
1633 1911 1828 1956 Ducunt
1845 1906 2013 1955 deinde

598 1986 877 2050 pervigilem
905 1997 1128 2044 noctem,
1156 1998 1203 2034 et
1227 1987 1275 2034 in
1302 1988 1387 2033 Dei
1415 1986 1629 2033 laudibus
1655 1995 1754 2033 tota
1781 1985 1913 2050 regio
1937 2002 2013 2031 re-

600 2062 813 2109 sonabat.
839 2066 892 2111 In
914 2065 1178 2112 crastinum
1196 2075 1372 2123 autem,
1395 2082 1505 2111 cum
1521 2065 1747 2112 diaconus
1767 2065 1858 2111 iter
1875 2079 2012 2110 suum

601 2157 765 2204 capere
779 2143 1000 2207 coepisset
1013 2179 1026 2201 ,
1046 2144 1206 2192 omnis
1226 2143 1304 2190 illa
1319 2143 1591 2208 congregati
1611 2143 1776 2208 populi
1796 2143 2014 2207 frequen-

601 2217 662 2262 tia
681 2217 934 2266 abeuntem
955 2238 1067 2267 cum
1085 2221 1266 2285 ingenti
1291 2220 1545 2267 devotione
1568 2220 1789 2266 comitata
1809 2229 1878 2266 est
1890 2237 1903 2276 ;
1926 2236 2013 2266 nec

601 2304 711 2341 ante
729 2296 803 2343 vel
826 2296 1084 2345 subsistere
1100 2298 1174 2344 vel
1196 2297 1432 2344 discedere
1451 2296 1630 2351 voluit,
1653 2313 1795 2360 quam
1816 2294 1873 2341 ab
1891 2295 2009 2353 aliis,

603 2389 723 2436 quos
756 2374 972 2420 miraculi
1002 2374 1142 2438 hujus
1175 2374 1297 2420 fama
1328 2383 1680 2430 commoverat,
1710 2373 1900 2420 obviam
1924 2373 2011 2419 sibi

602 2449 903 2497 venientibus
925 2449 1090 2497 fuisset
1118 2460 1354 2513 exceptus.
1383 2451 1484 2496 Hoc
1502 2449 1646 2498 modo
1664 2466 1806 2496 sacrae
1825 2450 2013 2514 Marty-

602 2543 713 2572 rum
732 2527 974 2592 reliquiae,
995 2545 1052 2574 ex
1073 2526 1214 2590 hujus
1237 2527 1482 2574 occasione
1508 2527 1751 2584 miraculi,
1776 2545 1799 2573 a
1824 2527 2012 2591 populis

605 2605 793 2652 illarum
830 2607 1083 2671 regionum
1113 2614 1345 2669 exceptae,
1382 2615 1429 2651 et
1461 2605 1517 2651 ad
1555 2605 1791 2651 basilicam
1827 2605 1874 2650 S.
1915 2603 2011 2650 Sal-

604 2683 692 2739 vii,
728 2701 825 2749 quo
857 2702 929 2731 eas
960 2693 1251 2731 memoratus
1286 2683 1515 2747 Georgius
1551 2685 1763 2741 miserat,
1804 2682 2010 2729 Domino
