2105 3348
537 341 618 382 446

582 426 758 466 quassatur
772 444 780 458 ‚
803 417 815 449 l
835 441 845 458 ,
863 415 941 449 250.
959 435 1005 441 -—
1020 415 1217 452 Germaniae

584 468 697 499 littora
712 478 728 497 a
744 462 969 497 Nortmannis
983 470 1111 496 vastata
1125 487 1134 503 ,
1153 467 1194 503 44
1206 488 1217 503 ,

582 526 600 546 a
614 512 745 545 Karolo
762 509 965 544 stationibus
985 508 1191 541 muniuntur
1207 535 1215 549 ‚

586 560 640 592 56.
657 578 704 584 -—
722 558 764 590 In
789 556 975 591 Germania
995 554 1109 589 valida
1129 568 1216 588 con-

579 605 707 652 juratio
737 612 856 637 contra
881 603 1051 635 Karolum
1081 602 1216 643 oritur,

582 653 648 693 68,
679 652 756 684 328.
777 669 823 675 -
842 651 907 683 Per
933 657 1040 682 totam
1071 648 1218 683 Germa·

583 699 676 731 niam
714 698 862 730 maxima
918 695 1061 728 flumina
1107 695 1217 740 glacie

583 746 802 789 stringuntur
817 770 824 784 ,
861 742 937 776 350.
960 762 999 767 —
1021 742 1217 777 Germaniae

583 793 778 836 superiores
797 798 928 834 partes,
949 789 1006 829 II,
1028 790 1107 822 258.

538 838 573 871 S.
602 839 780 871 Gismnm
811 849 938 882 corpus
954 851 962 877 ;
996 848 1099 881 super
1128 834 1216 868 illud

583 885 716 918 Tassilo
730 883 930 916 fidelitatem
945 883 1097 928 Pippino
1109 882 1215 928 jurat,

585 932 600 963 Ι
612 957 619 971 ,
646 932 718 970 134.

537 978 749 1017 GEROLDUS,
767 976 897 1021 reginae
914 974 1136 1021 Hildegardis
1150 975 1217 1007 fra-

586 1033 653 1064 ter,
670 1024 836 1069 Bajoariae
862 1022 1060 1068 praefectus,
1076 1022 1112 1054 in
1129 1021 1216 1054 Pan-

583 1070 689 1104 nonia
714 1069 920 1103 interficitur
936 1095 944 1109 ‚
973 1069 1009 1109 I,
1037 1073 1078 1109 42
1095 1093 1104 1108 ,
1125 1073 1189 1108 242
1204 1093 1214 1108 ,

586 1122 665 1162 407.

538 1164 749 1202 Ganorous,
775 1174 903 1202 comes,
925 1169 1130 1194 testamento
1147 1160 1216 1193 Ka-

583 1210 648 1243 roli
677 1210 727 1242 Μ.
753 1209 957 1249 subscribit,
986 1208 1024 1249 I,
1062 1218 1146 1246 1123
1172 1205 1216 1238 de

586 1258 829 1299 conjuratione
857 1256 892 1288 in
917 1255 1070 1287 Leonem
1089 1265 1216 1299 papam

585 1302 743 1335 suscitata
774 1302 942 1346 inquirit,
980 1301 1044 1339 314
1062 1313 1071 1342 ;
1100 1311 1215 1333 comes

581 1360 620 1381 ac
646 1349 829 1393 praefectus
856 1347 1046 1381 Pannonici
1073 1346 1212 1387 limitis,

579 1394 624 1428 de
648 1395 798 1427 motibus
820 1395 1004 1428 Hunorum
1022 1394 1216 1438 interroga-

582 1450 639 1474 tur
653 1466 662 1481 ,
682 1442 759 1475 382.

535 1488 850 1528 Geroldesbrumzen,
873 1487 907 1520 ΙΙ
921 1513 931 1527 ,
952 1492 1031 1531 419.

534 1535 713 1568 ΟΕΚΒΑΙᾺ
731 1547 834 1575 anus,
854 1534 909 1574 II,
928 1535 1005 1576 334.

536 1582 772 1621 szsumm,
791 1581 912 1614 Karoli
935 1581 986 1616 M.
1005 1579 1213 1621 concubina,

581 1635 690 1660 mater
708 1626 908 1661 Adaltruclis
922 1654 930 1668 ‚
949 1627 964 1659 Ι
979 1655 986 1670 ,
1005 1631 1048 1660 6ο
1060 1653 1068 1668 ,
1087 1629 1142 1661 62.

536 1675 812 1709 szmmmvszs
844 1675 937 1716 (Les
966 1674 1140 1708 habitants
1171 1672 1215 1706 (le

581 1721 740 1755 Gironne
754 1746 762 1761 ,
782 1732 825 1753 en
847 1721 1038 1766 Catalogne
1052 1721 1077 1765 );
1091 1732 1215 1752 eorum

581 1768 655 1811 agri
670 1768 711 1799 ab
727 1767 947 1800 Abumarvan
969 1775 1157 1806 vastantur,
1176 1767 1192 1798 I
1204 1795 1212 1809 ‚

583 1814 666 1854 388,
687 1814 766 1856 390.

535 1862 746 1894 Gmumeus
766 1859 948 1904 magister,
968 1860 1187 1894 ostiariorum
1203 1887 1212 1901 ‚

581 1920 660 1940 cum
685 1906 868 1939 Hlothario
890 1906 924 1939 in
950 1906 1084 1939 Italiam
1105 1907 1210 1940 mitti-

580 1962 637 1987 tur
651 1980 659 1994 ,
677 1953 692 1985 Ι
707 1979 715 1994 ,
735 1952 813 1992 354.

533 2002 773 2039 (ἷΕιινΑιιυυε,
786 1999 902 2044 palatii
916 1999 1212 2042 bibliothecarius,

580 2044 751 2079 Einhardi
770 2045 963 2087 familiaris,
982 2046 1029 2087 II,
1046 2060 1086 2080 22
1102 2057 1133 2081 et
1156 2048 1211 2089 23,

581 2095 625 2127 50
655 2101 687 2125 et
708 2093 745 2125 51
761 2106 771 2134 3
803 2092 1036 2137 palatinorum
1065 2107 1212 2139 opernm

581 2151 699 2174 curam
716 2139 848 2171 habens
861 2164 871 2180 ‚
889 2147 921 2171 et
949 2140 993 2172 de
1018 2141 1209 2174 Novioma-

583 2199 627 2232 go
665 2188 780 2231 Aquas
823 2197 998 2230 regressus
1011 2211 1020 2227 ,
1060 2188 1212 2220 miracu-

579 2234 664 2273 lum,
679 2233 765 2265 clam
779 2231 814 2264 in
829 2231 936 2264 domo
950 2233 1117 2266 Einhardi
1133 2247 1210 2279 per-

582 2286 752 2324 petratum
781 2278 869 2311 fama
903 2279 1047 2325 accipit,
1078 2289 1111 2313 et
1143 2293 1209 2313 no—

582 2334 656 2358 tum
672 2324 774 2364 facit,
797 2326 880 2365 324,
898 2326 963 2358 326
976 2351 986 2367 ,
1003 2326 1082 2360 388.

536 2372 803 2410 manemus,
822 2370 876 2411 11,
890 2375 967 2415 274.

537 2418 648 2452 Gism
661 2442 669 2457 ,
689 2416 810 2448 Karoli
828 2417 877 2448 M.
907 2429 1023 2458 soror,
1041 2418 1209 2451 abbatissa

583 2462 755 2503 Calensis,
775 2462 803 2502 I,
823 2464 864 2493 (32
885 2471 917 2494 et
935 2464 977 2496 63
992 2489 1001 2504 ,
1020 2472 1092 2495 not.

535 2512 656 2545 stns,
666 2508 785 2542 Karoli
797 2508 885 2542 M.et
894 2508 1114 2554 Hildegardis
1123 2508 1206 2550 filia,

582 2557 620 2595 I,
648 2557 691 2588 6ο
709 2580 718 2596 ,
745 2567 763 2587 a
780 2555 935 2596 Thoma,
954 2556 1208 2588 Mediolanensi

582 2601 876 2647 Archiepiscopo,
899 2602 1108 2646 baptizatur,
1134 2604 1207 2647 178.

536 2649 734 2688 Gloriosus,
758 2647 876 2680 titulus
911 2647 1119 2682 marchrado
1153 2649 1207 2682 vi-

582 2694 767 2728 cedomino
786 2694 935 2735 inditus,
956 2695 1002 2736 II,
1026 2696 1080 2728 28.

538 2740 706 2781 GLUOMI,
723 2739 974 2775 Nordmannici
997 2741 1113 2774 limitis
1131 2754 1208 2774 cus-

581 2795 658 2827 tos,
686 2786 854 2820 Esesselth
880 2797 1027 2821 castrum
1057 2802 1073 2821 a
1104 2789 1206 2822 Nort-

582 2834 715 2867 mannis
737 2833 910 2867 obsessum
929 2835 1062 2875 liberat,
1078 2834 1110 2875 1,
1128 2835 1203 2868 326.

999 335 1163 375 INDEX
1193 335 1494 375 GENERALIS.

1278 416 1520 449 Gonormnus
1528 416 1838 459 seuGonnrnmus,
1850 418 1955 451 Nort-

1322 474 1529 495 manuorum
1554 462 1626 496 sive
1653 462 1831 496 Danorum
1867 477 1928 498 rex
1945 490 1954 504 ‚

1324 508 1500 541 Abodritis
1528 509 1564 541 in
1583 508 1750 541 ditionem
1781 522 1875 543 suam
1902 524 1955 544 re-

1323 554 1454 596 dactis,
1485 555 1592 588 totius
1622 556 1815 589 Germaniae
1848 557 1956 602 impe-

1323 602 1413 635 rium
1434 602 1496 635 sibi
1521 602 1716 647 promittit,
1738 607 1782 644 44
1796 629 1804 643 ,
1822 604 1864 646 98
1882 618 1890 643 ;
1912 604 1955 636 ad

1322 647 1535 694 colloquium
1545 649 1764 695 imperatoris
1772 658 1953 690 venturus,

1323 695 1358 728 in
1377 695 1571 741 Sliesthorp
1589 695 1736 740 gradum
1755 695 1854 738 sistit,
1873 697 1954 738 258;

1322 741 1510 776 Abodritos
1552 742 1686 775 invadit
1699 767 1709 783 ,
1747 748 1810 788 274
1829 755 1838 783 ;
1875 742 1955 776 des-

1323 797 1438 822 tructo
1465 789 1567 822 Reric
1585 789 1756 834 emporio,
1786 789 1821 822 in
1849 789 1956 823 Slies-

1323 836 1430 880 throp
1459 848 1658 881 regressus,
1687 835 1831 868 limitem
1855 837 1955 881 regni

1323 882 1389 922 sui,
1408 894 1526 915 versus
1545 882 1730 916 saxoniam
1743 909 1750 921 ,
1770 883 1861 916 vallo
1882 896 1957 916 mu-

1322 929 1399 962 nire
1411 929 1591 962 constituit
1604 954 1613 968 ,
1629 932 1693 973 276
1706 941 1715 970 ;
1730 942 1790 962 sua
1808 929 1843 961 in
1859 930 1954 962 Abo-

1322 975 1433 1008 dritos
1462 975 1643 1009 invasione
1672 988 1745 1008 sese
1768 975 1863 1020 apud
1891 976 1957 1009 im-

1322 1030 1519 1068 peratorem
1551 1034 1700 1067 purgare
1729 1030 1896 1063 conatur,
1921 1031 1956 1056 et

1322 1081 1381 1102 eos
1400 1077 1438 1102 ut
1456 1067 1657 1114 foedifragos
1680 1077 1818 1102 accusat
1834 1095 1843 1109 ,
1862 1070 1928 1102 280
1943 1081 1952 1109 ;

1321 1115 1432 1148 filium
1451 1115 1681 1155 Thmsconis,
1702 1115 1953 1148 Abodritorum

1320 1161 1440 1202 (lucis,
1480 1161 1638 1194 obsidem
1671 1163 1823 1208 accipit,
1862 1163 1952 1202 282;

1320 1208 1563 1241 Thrasconem
1595 1209 1630 1241 in
1664 1210 1822 1253 emporio
1850 1209 1953 1242 Reric

1321 1254 1469 1287 interfici
1487 1254 1601 1299 jubet,
1618 1255 1696 1295 2843
1710 1256 1793 1288 dum
1809 1255 1917 1288 Frisia
1935 1267 1953 1287 a

1321 1301 1390 1334 suis
1402 1309 1567 1341 vastatur,
1577 1299 1671 1333 domi
1687 1309 1853 1340 remanet,
1871 1303 1949 1343 286;

1320 1360 1354 1381 se
1368 1360 1446 1381 cum
1459 1347 1590 1380 Karolo
1603 1348 1675 1380 acie
1685 1348 1851 1392 congredi
1865 1348 1954 1382 velle

1317 1397 1432 1440 jactat,
1450 1393 1511 1427 sed
1525 1407 1541 1427 a
1561 1393 1713 1439 quodam
1727 1396 1871 1428 satellite
1889 1408 1953 1428 suo

1318 1441 1539 1482 interficitur,
1557 1442 1622 1475 288
1634 1467 1642 1481 ,
1664 1446 1752 1487 [1073
1771 1442 1952 1486 Hennnin-

1320 1501 1415 1534 gum,
1432 1488 1543 1520 filium
1559 1487 1672 1521 fratris
1692 1489 1758 1531 sui,
1787 1489 1821 1521 in
1841 1501 1952 1535 regno

1318 1546 1553 1568 successorem
1587 1534 1713 1576 habet,
1751 1548 1816 1578 290
1831 1550 1839 1578 ;
1877 1538 1952 1580 ejus

1319 1582 1381 1614 filii
1396 1590 1428 1614 et
1441 1589 1587 1626 nepotes
1608 1582 1701 1614 inter
1722 1595 1756 1615 se
1775 1581 1818 1615 de
1844 1582 1951 1627 impe-

1318 1628 1372 1661 rio
1389 1627 1624 1670 contendunt,
1645 1631 1709 1672 296
1724 1654 1733 1669 ,
1752 1629 1818 1668 304
1833 1655 1843 1671 ,
1861 1629 1928 1662 310
1941 1655 1949 1669 ,

1320 1674 1386 1707 320
1401 1701 1409 1716 ,
1427 1675 1493 1715 324
1507 1701 1516 1714 ,
1537 1675 1621 1715 336,
1640 1675 1706 1708 350
1720 1701 1730 1715 ,
1746 1676 1812 1709 356
1826 1701 1835 1716 ,
1861 1677 1927 1716 364
1940 1702 1950 1716 ,

1320 1721 1409 1765 376,
1440 1722 1526 1762 380,
1558 1721 1647 1764 390,
1685 1721 1763 1764 394.
1794 1743 1838 1747 -—
1864 1721 1949 1754 Vid.

1318 1769 1452 1808 Anulo,
1472 1767 1702 1813 Hemmingus
1715 1794 1722 1808 ‚
1739 1768 1862 1809 Heric,
1880 1769 1950 1801 He—

1317 1814 1470 1855 rioldus,
1505 1814 1730 1860 Reginfridus
1744 1839 1754 1856 ,
1786 1823 1819 1848 et
1848 1815 1949 1861 Sige-

1316 1860 1438 1894 fridus.

1270 1907 1508 1941 Gom-,nunus
1522 1933 1531 1949 ,
1551 1906 1624 1941 dux
1644 1906 1912 1949 Abodritorum,
1929 1920 1949 1941 a

1315 1953 1512 1987 Godefrido
1522 1953 1605 1987 dolo
1619 1963 1753 2000 eaptuS,
1766 1954 1949 2000 suspendi-

1316 2009 1372 2033 tur
1384 2026 1392 2042 ,
1412 2001 1440 2042 I,
1459 2006 1536 2046 274.

1271 2047 1539 2088 (ἷοῡΕεοΑιους,
1552 2048 1644 2093 regis
1656 2047 1776 2080 Karoli
1788 2046 1831 2079 ad
1846 2047 1947 2092 Sige-

1315 2093 1460 2135 fridum,
1474 2096 1652 2127 Danorum
1660 2094 1948 2139 regem,legatus,

1313 2152 1332 2173 a
1352 2141 1546 2174 saxonibus
1564 2141 1820 2174 Transalbianis
1837 2141 1947 2174 truci-

1315 2186 1418 2220 datur
1430 2213 1439 2229 ,
1458 2188 1494 2229 Ι,
1511 2189 1589 2221 236.

1271 2233 1542 2276 Gomzsmncns,
1557 2235 1604 2275 ΙΙ,
1625 2235 1690 2278 296
1704 2262 1712 2276 ‚
1733 2234 1810 2266 386.

1272 2282 1423 2313 Goiacum
1443 2281 1525 2314 villa
1551 2281 1562 2325 (
1579 2281 1685 2325 Ghoy
1707 2283 1785 2324 pres
1802 2280 1845 2312 de
1866 2279 1947 2312 Les-

1318 2327 1406 2360 tines
1419 2327 1468 2371 P),
1496 2327 1529 2360 II
1544 2352 1553 2368 ,
1576 2328 1641 2367 344
1659 2340 1668 2368 ;
1688 2327 1732 2360 de
1748 2327 1852 2370 hujus
1879 2338 1944 2359 no-

1316 2373 1419 2405 minis
1444 2374 1546 2406 variis
1578 2372 1944 2419 interpretationibus,

1273 2450 1277 2451 ⁷
1318 2419 1396 2461 392.

1271 2464 1394 2498 Gozriu
1407 2489 1416 2505 ,
1434 2464 1469 2497 in
1488 2467 1622 2499 marcha
1640 2465 1824 2512 Hispanica
1841 2465 1942 2499 habi-

1315 2520 1445 2552 tantes,
1466 2512 1504 2553 I,
1529 2513 1606 2546 388.

1268 2559 1485 2592 Gozmznrus
1509 2558 1739 2605 Sangallensis
1759 2559 1882 2601 abbas,
1899 2559 1943 2592 ab

1314 2604 1494 2638 Einhardo
1522 2619 1586 2649 pro
1613 2606 1752 2639 Bebone
1771 2605 1814 2638 de
1833 2606 1941 2639 bene·

1313 2651 1392 2684 ficio
1411 2652 1445 2684 S.
1464 2651 1704 2686 Chlodowaldi
1719 2653 1864 2697 opis-tola
1877 2652 1942 2686 sol—

1313 2698 1483 2740 licitatur,
1504 2699 1555 2739 ΙΙ,
1577 2704 1595 2738 4
1613 2708 1646 2732 et
1666 2700 1683 2731 5
1702 2706 1774 2732 not.

1267 2744 1424 2778 Gozzuo
1440 2745 1608 2778 Einhardi
1619 2745 1780 2786 defleam,
1795 2745 1842 2787 II,
1862 2758 1937 2779 120.

1268 2790 1394 2824 Gradus
1412 2792 1675 2836 metropolitana
1693 2792 1812 2826 civitas
1825 2795 1836 2836 (
1849 2793 1937 2826 Gra-

1313 2836 1358 2870 do
1376 2837 1460 2872 dans
1477 2839 1508 2871 le
1522 2838 1682 2883 Frioul),
1702 2838 1729 2879 I,
1755 2843 1816 2879 ιο4
1829 2865 1837 2879 ,
1858 2839 1936 2878 346.
