2105 3348
601 298 675 336 166
983 293 1046 328 ‚m
1080 288 1331 327 EINHARDI
1365 288 1632 326 EPISTOLAs

599 376 727 417 finem
746 375 962 431 imponere
976 404 985 421 ,
1002 385 1128 428 quem
1148 385 1225 411 nec
1243 368 1455 427 praesciat,
1477 383 1554 409 nee
1573 367 1864 410 imminentem
1877 376 2004 424 queat

598 452 803 509 effugere,
820 448 1093 490 vehementer
1108 444 1315 505 approbo,
1336 445 1517 503 satisque
1536 444 1744 487 catholice
1758 443 1920 487 dictum
1938 443 2004 484 in-

598 540 736 572 tueor.
753 528 850 569 Non
864 535 925 568 est
941 526 1054 568 enim
1074 526 1117 567 in
1135 533 1337 584 potestate
1358 523 1583 565 hominum
1597 522 1664 564 via
1682 522 1774 579 ejus
1792 522 1873 578 (1),
1891 520 1962 563 sed
1979 536 2001 561 a

598 607 784 648 Domino
798 619 966 662 gressus
982 602 1207 644 hominum
1222 600 1536 658 diriguntur,et
1554 599 1731 640 humani
1750 597 1922 640 libertas
1938 613 2006 639 ar-

598 683 714 724 bitrii
731 690 826 739 eget
843 679 1092 723 omnimodo
1107 677 1266 721 auxilio
1281 679 1426 736 gratiae
1439 678 1519 719 Dei
1532 696 1542 730 3
1556 676 1627 719 sed
1644 675 1768 735 plane
1782 690 1876 734 quae
1889 674 2004 717 facta

595 769 718 810 sunt,
750 757 907 800 infecta
934 773 1021 800 esse
1053 773 1138 799 non
1165 765 1363 815 possunt,
1393 770 1470 797 nec
1507 753 1632 797 dolor
1661 768 1861 796 revocare
1892 751 2005 795 valet

595 835 723 879 semel
740 835 966 894 praeterita,
981 850 1057 876 nec
1080 844 1142 876 est
1158 834 1200 876 in
1222 833 1395 875 homine
1412 832 1528 875 unde
1551 848 1574 874 a
1592 832 1727 890 seipso
1746 839 1861 889 petat
1880 830 2004 872 auxi-

596 913 718 956 lium.
731 912 951 970 Quocirca
970 911 1223 970 deprehensi
1244 909 1508 969 quibuslibet
1522 908 1744 967 angusfiis,
1761 923 1847 966 quo
1865 907 2006 949 verius

597 1005 675 1031 nos
709 989 913 1032 sentimus
944 987 1208 1045 fragiliores,
1245 988 1327 1030 hoc
1366 996 1533 1047 oportet
1561 986 1741 1029 celerius
1772 985 1825 1028 ad
1853 984 2007 1028 divinae

596 1068 881 1110 miserationis
903 1065 1156 1118 subsidium,
1170 1065 1285 1107 velut
1308 1064 1360 1107 ad
1378 1074 1550 1124 portum
1567 1064 1841 1115 tutissimum,
1855 1061 2010 1105 confu-

598 1146 779 1202 giamus.
800 1144 1111 1201 Eleganterque
1134 1142 1242 1184 illud
1264 1142 1426 1185 dictum
1450 1152 1533 1185 est:
1552 1142 1762 1183 «Necesse
1779 1150 1839 1183 est
1861 1139 2006 1182 adesse

597 1221 816 1274 divinum,
843 1221 918 1263 ubi
941 1222 1178 1263 humanum
1202 1229 1333 1262 cessat
1353 1219 1559 1261 auxilium
1579 1217 1639 1277 (2)
1661 1237 1700 1260 ».
1722 1218 1809 1260 Nec
1833 1218 2005 1275 longus,

599 1296 834 1340 dummodo
854 1313 1082 1348 conemur,
1101 1296 1300 1339 terendus
1317 1306 1378 1338 est
1397 1296 1533 1338 labor.
1551 1297 1660 1338 Nam
1679 1296 1755 1354 qui
1779 1294 1834 1337 ad
1857 1310 1899 1337 se
1923 1294 2007 1336 hoc

599 1374 728 1417 modo
743 1384 886 1417 vocat:
905 1374 1081 1416 «Venite
1100 1373 1152 1415 ad
1170 1389 1237 1415 me
1251 1373 1325 1431 qui
1343 1372 1544 1415 laboratis
1564 1374 1676 1430 (3)»,
1689 1373 1869 1414 nitentes
1887 1371 2010 1429 adju-

599 1461 685 1501 vat,
706 1450 758 1492 ad
778 1467 819 1493 se
839 1451 1130 1509 pervenientes
1151 1449 1381 1502 informat,
1403 1451 1446 1492 in
1475 1466 1516 1492 se
1541 1459 1838 1509 permanentes
1860 1447 2012 1507 procul

602 1526 734 1569 dubio
765 1537 958 1569 coronat.
990 1526 1138 1585 Quare
1163 1526 1281 1585 quod
1317 1526 1481 1570 dixistis
1505 1537 1788 1570 memoratum
1818 1525 2012 1569 dolorem

599 1603 743 1661 quoad
760 1604 956 1646 viveretis
972 1620 1223 1646 mansurum
1240 1604 1480 1656 vobiscum,
1501 1605 1704 1663 expressit
1721 1605 1804 1647 hoc
1827 1621 1850 1646 a
1873 1603 2010 1654 vobis,

601 1681 754 1732 sentio,
771 1690 970 1723 concreta
995 1680 1125 1737 longo
1146 1696 1226 1722 usu
1245 1680 1498 1739 magnitudo
1514 1681 1695 1735 amoris3
1717 1679 1789 1722 sed
1808 1681 1850 1722 in
1872 1695 1921 1722 ea
1939 1695 2013 1721 vos

601 1757 886 1800 obstinatione
915 1759 1108 1799 animum
1132 1757 1396 1817 relinquere,
1428 1768 1637 1816 quantum
1667 1757 1827 1808 audeo,
1860 1757 2015 1800 dehor-

600 1844 683 1877 tor.
708 1835 929 1893 Siquidem
947 1846 989 1878 et
1009 1835 1096 1888 illi,
1116 1836 1241 1893 cujus
1259 1851 1385 1878 causa
1404 1837 1598 1887 emersit,
1624 1834 1733 1877 nihil
1758 1835 2016 1878 immodera-

599 1920 689 1953 tum
721 1912 939 1970 proderit,
969 1922 1009 1954 et
1039 1911 1159 1953 vobis
1190 1911 1375 1954 multum
1390 1946 1400 1965 ,
1435 1913 1517 1954 nisi
1549 1911 1806 1971 deponatur,
1841 1913 2010 1956 officiet.

599 1988 810 2047 Quinimo
833 1999 970 2031 totum
994 2004 1068 2031 vos
1093 1988 1332 2032 curandum
1361 1989 1686 2049 sanandumque
1706 1991 1896 2033 Domino
1918 2006 2014 2050 per-

598 2065 776 2117 mittite,
805 2066 875 2107 cui
903 2075 965 2108 est
990 2064 1194 2123 perfacile
1219 2065 1337 2124 quod
1362 2076 1507 2109 nostra
1531 2076 1684 2110 natura
1713 2066 2016 2109 difficillimum

597 2141 778 2197 judicat.
813 2143 923 2184 Nam
950 2143 1046 2200 quis
1079 2144 1262 2200 speravit
1295 2145 1339 2186 in
1368 2145 1558 2186 Domino
1575 2177 1586 2196 ,
1619 2154 1662 2187 et
1691 2142 1894 2203 deceptus
1927 2145 2017 2187 est?

600 2218 791 2262 Obsecro
804 2253 814 2273 ,
835 2229 971 2262 totum
990 2235 1065 2262 cor
1088 2230 1274 2263 vestrum
1294 2221 1348 2264 ad
1366 2221 1609 2280 rogandum
1627 2223 1765 2264 Deum
1788 2220 2013 2264 effundite.

600 2297 802 2339 Praestare
821 2297 912 2339 vult
931 2298 1006 2355 qui
1031 2313 1072 2340 se
1095 2308 1142 2340 ut
1171 2309 1364 2357 rogetur,
1389 2299 1636 2342 admonuit:
1656 2300 1827 2342 «Petite
1849 2309 1890 2342 et
1907 2300 2014 2342 acci-

601 2374 722 2431 pietis
739 2374 804 2430 (4)
819 2391 858 2415 ».
879 2373 1013 2415 Petite
1030 2384 1075 2415 ut
1100 2374 1187 2432 ipse
1209 2376 1331 2418 vobis
1352 2376 1553 2419 affectum
1575 2377 1753 2435 inspiret
1767 2375 1951 2434 rogandi
1973 2386 2013 2418 et

645 2587 693 2629 (ι)
718 2583 775 2619 Cf.
797 2585 933 2619 Jcrem.
952 2596 986 2627 x,
1011 2584 1068 2620 25.

642 2649 692 2691 (Ἰ)
710 2647 767 2682 Cs.
787 2647 1000 2692 Philonem,
1020 2660 1127 2695 supra
1143 2650 1187 2684 ab
1205 2651 1410 2696 Einhmdo,
1432 2653 1538 2698 epist.
1561 2664 1652 2695 xxix,
1674 2665 1710 2698 p.
1735 2654 1777 2694 44
1793 2651 1993 2687 laudatum.

639 2709 690 2755 (5)
713 2711 769 2746 Cs.
791 2712 921 2746 Matth.
943 2724 990 2755 xi,
1009 2713 1065 2747 28.

638 2777 690 2819 (4)
716 2775 770 2811 Cf.
791 2777 893 2812 Joan.
918 2788 986 2821 wi,
1009 2779 1065 2820 24.
