2105 3348
640 338 713 377 174
801 339 865 375 AD
898 334 1151 373 EINHARDI
1183 334 1449 372 EPISTOLAS
1480 335 1739 376 APPENDIX
1769 338 1979 378 ALTERA.

639 417 913 474 sumpsimus,
938 414 994 455 mi
1018 412 1190 455 domine
1206 446 1216 465 ,
1243 412 1416 455 auribus
1440 412 1672 457 clementiae
1696 427 1840 459 vestrae
1863 420 2040 461 necessi-

641 495 733 535 tatis
769 502 919 534 nostrae
952 506 1098 533 causas
1131 490 1350 533 humiliter
1379 492 1665 541 innotescere,
1691 503 1737 535 ut
1762 510 1837 552 per
1862 505 2041 539 vestram

639 571 835 628 pietatem
857 568 909 610 de
930 568 996 610 his
1013 567 1206 611 celeriter
1220 584 1459 611 mereamur
1480 569 1817 613 consolationem
1835 574 2038 631 recipere.

635 647 795 689 Notum
833 646 954 688 vobis
987 660 1074 688 esse
1111 644 1324 687 credimus
1352 645 1469 703 quod
1516 644 1639 687 nobis
1677 645 1983 704 indignissimis
2020 664 2043 690 a

636 725 796 766 domno
817 724 1072 782 imperatore
1091 738 1340 765 concessum
1357 722 1496 765 fuerat
1521 733 1566 765 ut
1585 739 1634 766 ex
1662 723 1785 765 nobis
1806 725 1907 783 ipsis
1928 725 2041 768 elec-

636 804 796 845 tionem
809 800 998 844 faciendi
1015 800 1269 844 haberemus
1287 800 1518 844 licentiam.
1541 801 1622 844 Sed
1641 818 1738 844 cum
1756 802 1877 845 illum
1890 836 1901 856 ‚
1916 820 2042 862 quem

635 880 774 932 scitis,
802 878 1074 937 elegissemus
1090 912 1100 931 ,
1128 888 1168 922 et
1194 894 1216 921 a
1238 879 1460 922 serenitate
1487 878 1635 921 domni
1662 880 1929 939 imperatoris
1956 897 2042 923 non

633 955 816 1014 pleniter
846 955 994 998 suisset
1025 965 1242 1014 receptus,
1287 957 1539 1014 permissum
1578 957 1701 999 nobis
1739 967 1786 1000 ut
1817 957 1976 1010 alium,
2011 961 2043 1001 si

635 1033 916 1091 potuissemus
931 1066 941 1084 ‚
969 1048 1018 1075 ex
1046 1033 1169 1075 nobis
1188 1033 1288 1075 huic
1314 1033 1452 1075 officio
1476 1049 1717 1091 congruum
1737 1035 2041 1077 inveniremus.

636 1108 718 1151 Sed
744 1125 841 1151 cum
859 1119 964 1151 esset
991 1110 1188 1151 inventus
1203 1142 1213 1161 ,
1239 1120 1287 1151 ut
1306 1108 1540 1162 eredimus,
1561 1110 1604 1151 in
1631 1111 1712 1152 Dei
1736 1121 1777 1153 et
1794 1110 1944 1153 domni
1961 1112 2045 1154 im-

635 1187 841 1245 peratoris
881 1187 1052 1228 servitio
1091 1184 1245 1227 habilis
1264 1219 1274 1237 ⁷
1313 1186 1524 1227 nescimus
1560 1185 1614 1228 ob
1650 1202 1778 1244 quam
1818 1202 1987 1229 causam
2022 1203 2045 1229 a

634 1263 769 1305 missis
783 1261 1011 1305 dominicis
1026 1278 1112 1304 non
1129 1272 1191 1305 est
1209 1261 1333 1320 plena
1354 1262 1650 1305 benevolentia
1666 1273 1897 1322 susceptus,
1919 1263 2044 1307 Unde

634 1350 815 1382 vestram
834 1355 1005 1382 oramus
1023 1339 1332 1398 benignitatem
1350 1349 1397 1382 ut
1414 1355 1464 1382 ex
1477 1340 1559 1382 hoc
1577 1340 1700 1382 nobis
1718 1341 1760 1383 in
1780 1340 2043 1398 adjutorium

635 1433 720 1459 esse
741 1417 1007 1475 dignemini·⁷
1027 1427 1237 1475 quatenus
1264 1416 1403 1476 ipsum
1417 1449 1427 1468 ‚
1448 1415 1500 1458 de
1521 1433 1607 1475 quo
1630 1416 1834 1470 dicimus,
1861 1417 1914 1459 ad
1935 1433 2044 1476 prae-

634 1493 813 1536 sentiam
837 1492 987 1535 domni
1004 1493 1272 1552 imperatoris
1293 1509 1371 1535 nos
1387 1494 1468 1552 ipsi
1485 1493 1762 1547 deduc-amm,
1783 1505 1840 1548 et,
1861 1494 2044 1554 qualiter

627 1571 826 1628 jusserit,
862 1570 1115 1613 discutiatur
1140 1580 1180 1612 et
1208 1569 1413 1629 probetur
1447 1571 1480 1613 si
1504 1570 1627 1613 nobis
1657 1570 1854 1630 prodesse
1886 1570 2040 1622 valeat,

632 1657 674 1690 et
700 1648 743 1689 in
771 1647 941 1689 servitio
965 1647 1046 1689 Dei
1073 1656 1195 1706 aptus
1212 1662 1300 1690 esse
1318 1647 1450 1706 possit
1471 1663 1526 1690 an
1552 1649 1711 1690 minus.
1734 1648 1944 1708 Optamus
1969 1665 2044 1691 vos

633 1722 790 1766 divinis
819 1739 983 1783 semper
1014 1724 1176 1766 muniri
1211 1724 1416 1783 praesidiis
1451 1735 1492 1767 et
1523 1725 1852 1769 immortalitatis
1883 1742 2044 1769 corona

631 1800 893 1859 quandoque
912 1798 1106 1858 gloriari,
1133 1801 1319 1860 piissime
1351 1811 1392 1843 et
1415 1802 1748 1844 reverentissime
1776 1801 1965 1845 domine.
1986 1828 2043 1835 —

630 1876 876 1933 Inscriptio.
908 1902 966 1909 —
990 1876 1266 1920 Sanctissimo
1295 1887 1336 1920 et
1365 1878 1554 1936 piissimo
1590 1878 1766 1921 domino
1788 1879 2008 1922 Einhardo
2028 1913 2038 1931 ‚

629 1954 782 1995 merito
807 1953 1065 2005 venerabili,
1092 1954 1313 1996 Senonicae
1342 1955 1459 1997 urbis
1483 1954 1579 1997 vilis
1602 1965 1641 1997 et
1666 1955 1831 2013 abjecta
1855 1972 2039 2015 congre-

628 2030 759 2087 gatio.

634 2184 820 2218 Tullensis
844 2186 1005 2230 episcopi
1020 2184 1073 2219 ad
1088 2185 1339 2220 Einlzardum.
1366 2186 1410 2219 D.
1436 2186 1603 2233 Bouquet
1627 2198 1739 2233 pense
1762 2185 1892 2234 qu'elle
1917 2193 1971 2221 est
1993 2185 2038 2221 de

627 2247 767 2283 l’aunee
781 2248 848 2283 828
858 2276 868 2291 ,
886 2249 978 2283 ainsi
993 2260 1065 2295 que
1079 2248 1174 2284 deux
1187 2256 1309 2284 autres
1325 2249 1450 2284 lettres
1466 2248 1646 2284 adressees
1660 2249 1749 2285 dans
1762 2249 1796 2284 le
1812 2250 1930 2285 meme
1947 2249 2014 2285 but
2026 2278 2035 2291 ‚

629 2311 726 2347 l'une
751 2314 771 2347 a
789 2312 1047 2359 l'imperatrice
1065 2313 1213 2358 Judith‚
1235 2314 1369 2349 femme
1391 2314 1436 2349 de
1454 2313 1870 2351 Louis-le-Debonnaire
1882 2339 1892 2355 ,
1909 2314 2037 2350 l'autre

628 2378 647 2409 a
675 2375 875 2420 Huilduin,
903 2377 994 2412 abbe
1021 2377 1066 2412 de
1089 2378 1340 2421 Saint-Denis,
1367 2385 1404 2413 et
1427 2379 1491 2426 qui
1516 2379 1684 2413 n'eurent
1703 2390 1765 2425 pas
1793 2390 1843 2412 un
1870 2377 2037 2413 meilleur

628 2438 791 2474 resultat.
812 2440 877 2474 Les
900 2439 994 2474 deux
1014 2439 1090 2474 elus
1109 2440 1159 2475 du
1182 2442 1348 2489 chapitre
1370 2442 1494 2477 surent
1511 2442 1811 2477 successivement
1827 2443 2033 2489 repousseS,

626 2511 681 2547 et,
704 2516 766 2538 sur
788 2503 822 2539 la
840 2504 1072 2552 designation
1095 2505 1140 2540 de
1157 2505 1394 2553 l'empereur,
1413 2506 1558 2550 Aldric,
1581 2506 1673 2541 abbe
1694 2505 1740 2541 de
1755 2505 1958 2548 Fen-iteres,
1980 2504 2037 2539 sut

626 2570 774 2603 nomme
792 2564 1019 2616 archeveque
1038 2568 1084 2604 de
1101 2570 1202 2605 Sens.
1223 2572 1314 2606 Mais
1332 2583 1473 2606 comme
1493 2571 1519 2606 il
1536 2584 1581 2606 ne
1598 2571 1655 2606 fut
1673 2570 1840 2606 ordonne
1856 2582 1928 2618 que
1946 2569 2035 2604 dans

625 2633 657 2667 le
678 2631 816 2667 concile
832 2632 877 2667 de
897 2633 1015 2675 Paris,
1038 2633 1071 2667 le
1090 2645 1156 2667 vm
1176 2634 1238 2669 des
1258 2635 1333 2670 ides
1351 2635 1396 2670 de
1411 2636 1495 2682 juin
1513 2635 1598 2683 829,
1620 2635 1646 2670 il
1664 2636 1772 2670 serait
1790 2633 1946 2682 possible
1963 2645 2034 2681 que

625 2705 718 2733 cette
737 2697 844 2733 lettre
864 2697 964 2732 n’efit
982 2700 1040 2733 ete
1056 2699 1167 2733 ecrite
1178 2711 1249 2746 que
1262 2700 1351 2734 dans
1370 2701 1420 2736 les
1438 2701 1614 2748 premiers
1633 2701 1725 2735 mois
1739 2699 1784 2736 de
1801 2699 1939 2735 l'annee
1950 2698 2030 2745 829,

623 2762 794 2806 Jeremie,
816 2773 879 2796 son
898 2762 1168 2809 predecesseur,
1185 2764 1273 2798 etait
1287 2772 1383 2799 niort
1395 2764 1428 2799 le
1444 2777 1502 2799 vm
1523 2765 1583 2800 des
1597 2765 1673 2800 ides
1686 2765 1731 2799 de
1745 2764 1938 2799 decembre
1948 2762 2030 2810 827-

623 2826 740 2871 (Vox.
763 2839 843 2862 nov.
871 2827 968 2861 Gall.
992 2827 1114 2861 christ.
1136 2839 1219 2871 xm,
1247 2839 1287 2874 19
1307 2835 1343 2862 ct
1360 2832 1435 2873 ιιο.)
