2105 3348
629 245 706 282 300
925 240 1164 278 lilsTOmA
1194 240 1611 286 TRANSLATIONIS,
1644 255 1723 280 mc.

629 323 700 369 vel
718 331 1029 367 monumento
1046 320 1118 382 (α)
1138 335 1314 382 ponere
1332 329 1632 365 curaverunt.
1653 320 1759 380 Quo
1779 337 1885 366 cum
1903 338 2028 383 prae-

630 399 740 445 dicti
765 398 925 460 pueri,
964 396 1164 443 errando
1196 398 1354 460 potius
1383 414 1526 460 quam
1556 397 1645 443 iter
1678 397 1882 460 agendo,
1918 415 2028 460 per-

632 473 892 528 venissent,
928 472 1140 518 inierunt
1169 473 1420 519 consilium
1460 482 1513 517 ut
1542 471 1605 517 ibi
1636 474 1786 519 socios
1820 490 1925 519 suos
1950 474 2028 537 qui

632 547 948 613 sequebantur
981 549 1188 612 opperiri
1231 547 1481 604 deberent3
1519 566 1712 614 eosque,
1753 567 1812 595 ne
1844 548 2031 594 aberra—

628 636 764 685 rent,
792 627 950 674 sonitu
972 625 1185 672 buccinae
1214 626 1267 672 ad
1299 644 1344 673 sc
1377 638 1744 691 congregarent3
1773 644 1823 672 ac
1840 625 2029 681 deinde,

630 721 736 749 cum
755 703 895 749 simul
916 714 1086 759 essent,
1108 702 1265 750 beatos
1285 704 1519 767 Martyres
1541 703 1596 749 ad
1614 721 1753 767 opem
1775 702 1860 748 sibi
1881 702 2035 748 feren-

628 779 733 826 dam
766 781 1068 837 invocarent,
1101 779 1387 844 sublatisque
1413 781 1458 825 in
1491 779 1639 826 altum
1666 778 1861 826 vocibus
1891 778 2034 842 Kyrie

627 856 801 903 cleison
830 867 902 903 ter
926 856 1247 903 decantarent.

694 1106 770 1151 57.
812 1104 919 1163 Quo
954 1104 1109 1158 facto,
1149 1114 1305 1149 tantus
1341 1121 1480 1166 super
1512 1119 1589 1149 eos
1627 1103 1822 1148 totidem
1859 1099 2037 1145 vicibus

628 1182 817 1227 coelitus
842 1182 994 1228 emissi
1021 1181 1211 1226 luminis
1234 1180 1395 1245 fulgor
1415 1180 1632 1234 emicuit,
1659 1190 1711 1223 ut
1735 1178 1921 1223 diurnae
1947 1178 2035 1222 ela-

627 1258 780 1303 ritatis
807 1257 1061 1305 candorem
1086 1258 1371 1322 adaequaret.
1402 1257 1519 1317 Quae
1553 1256 1817 1301 coruscatio
1854 1265 2036 1299 tantum

627 1336 691 1381 eis
717 1335 955 1383 commodi
985 1335 1041 1381 ad
1072 1336 1161 1381 iter
1183 1353 1322 1381 suum
1342 1334 1574 1399 agendum
1599 1334 1786 1389 attulit,
1810 1344 1887 1389 ut,
1918 1350 2038 1379 con-

626 1423 811 1476 sumpta
834 1412 1005 1459 nebula
1032 1411 1335 1477 tenebrisque
1359 1413 1599 1468 discussis,
1630 1412 1700 1457 via
1732 1428 1923 1476 quoque
1947 1427 2037 1474 qua

627 1491 695 1537 ire
717 1489 953 1537 debebant
971 1491 1092 1537 clare
1112 1501 1360 1555 conspecta
1378 1527 1389 1547 ,
1417 1491 1507 1538 iter
1526 1508 1665 1536 suum
1679 1526 1691 1546 ,
1719 1489 1933 1554 quamvis
1957 1505 2038 1550 per

627 1567 763 1614 silvas
782 1579 827 1615 et
846 1586 1017 1633 opacos
1034 1568 1312 1616 nemoribus
1330 1580 1516 1616 montes
1529 1605 1540 1624 ‚
1563 1568 1738 1634 absque
1757 1569 1931 1615 erroris
1952 1568 2038 1613 im-

625 1645 929 1707 pedimento,
966 1664 1113 1712 usque
1145 1645 1201 1693 ad
1229 1657 1391 1693 ortum
1424 1664 1610 1693 aurorae
1646 1655 1943 1709 peragerent.
1984 1645 2037 1690 In

626 1724 777 1786 prima
797 1723 1025 1788 siquidem
1044 1724 1371 1770 coruscatione
1392 1733 1550 1769 tantus
1568 1723 1696 1770 calor
1718 1740 1808 1768 una
1828 1739 1937 1767 cum
1956 1721 2038 1767 illo

627 1798 807 1846 lumine
830 1801 984 1855 venit,
1011 1810 1064 1845 ut
1084 1818 1190 1847 eum
1214 1818 1260 1848 se
1285 1800 1414 1846 velut
1436 1817 1642 1846 accensae
1667 1799 1872 1846 fornacis
1894 1814 2038 1862 vapo-

627 1894 728 1922 rem
753 1877 929 1924 sentire
962 1876 1244 1924 faterentur.
1277 1878 1419 1941 Cujus
1453 1877 1609 1923 afflatu
1636 1894 1735 1924 non
1762 1876 1916 1922 solum
1948 1893 2036 1922 ne-

626 1952 763 2010 bula,
792 1972 957 2000 verum
987 1956 1126 2001 etiam
1159 1955 1264 2014 illa,
1295 1973 1402 2020 quae
1437 1967 1541 2001 tum
1569 1965 1616 2001 et
1641 1965 1825 2002 montes
1858 1965 2037 2001 totam-

625 2048 718 2095 que
755 2032 920 2078 silvam
944 2044 1225 2096 operuerat,
1251 2033 1423 2097 pruina
1460 2033 1520 2079 ita
1553 2042 1836 2096 consumpta
1861 2041 1928 2078 est
1957 2042 2034 2087 ut,

629 2110 763 2155 tertia
810 2111 1164 2157 corruscatione
1207 2121 1393 2174 peracta
1410 2146 1423 2167 ‚
1474 2110 1658 2156 nullum
1700 2110 1824 2155 illius
1867 2110 2039 2172 algoris

628 2186 876 2249 vestigium
916 2186 1107 2249 penitus
1147 2197 1409 2250 appareret.
1449 2188 1562 2233 Haec
1602 2186 1740 2233 nobis
1779 2186 1832 2231 ad
1873 2202 2038 2248 vespe-

627 2281 727 2308 ram
747 2263 952 2324 ejusdem
971 2264 1090 2317 diei,
1119 2274 1368 2328 postquam
1395 2264 1451 2309 ad
1473 2264 1766 2310 mansionem
1794 2263 2033 2318 venimus,

629 2339 676 2386 hi
714 2341 793 2404 qui
839 2341 1059 2386 viderunt
1103 2351 1244 2404 atque
1289 2342 1470 2404 experti
1515 2352 1626 2386 sunt
1646 2379 1656 2395 ,
1701 2350 2031 2387 narraverunt.

627 2416 843 2476 Quorum
874 2415 1028 2483 xjerbis
1060 2417 1198 2463 fidem
1233 2417 1533 2473 adhibentes,
1568 2418 1654 2463 Dei
1691 2417 2035 2481 omnipotentis

627 2494 1000 2540 misericordiam
1036 2511 1144 2539 cum
1185 2496 1445 2558 gratiarum
1485 2496 1670 2542 actione
1711 2495 2031 2549 laudavimus,

626 2589 682 2618 eo
707 2572 835 2637 quod
863 2589 949 2618 nos
973 2590 1058 2635 per
1085 2573 1251 2619 merita
1277 2574 1562 2619 Sanctorum
1583 2590 1779 2619 suorum
1806 2574 1852 2618 in
1877 2573 2035 2620 omni-

672 2737 722 2779 (η)
751 2735 844 2770 Edit.
869 2738 1098 2771 monimento.
