2105 3348
595 251 672 288 286
891 243 1135 283 HISTORIA
1165 242 1591 292 TRANSLATIONIS,
1622 259 1703 283 mc.

593 326 841 392 presbyter
866 322 924 369 ab
948 339 1004 370 eo
1029 331 1291 386 quaereret,
1313 339 1518 387 quanam
1542 322 1600 369 de
1625 340 1756 368 causa
1782 324 1821 370 ei
1844 322 2006 370 fuisset

593 401 859 467 hujusmodi
905 417 1122 447 concessa
1167 397 1405 463 potestas?
1442 420 1464 443 «
1500 400 1703 463 Propter
1751 401 2003 457 malitiam,

594 482 780 544 inquit,
814 477 979 542 populi
1011 476 1175 540 hujus,
1209 487 1255 524 et
1280 476 1587 523 multimodas
1619 477 1891 542 iniquitates
1921 495 2008 524 eo-

592 574 701 603 rum
742 556 822 620 qui
859 572 1001 619 super
1031 571 1141 601 eum
1171 555 1421 602 constituti
1446 566 1576 602 sunt.
1619 556 1709 617 Qui
1737 572 1935 601 munera
1964 565 2011 601 et

593 651 690 680 non
706 633 939 697 justitiam
959 631 1190 696 diligunt,
1210 632 1291 697 qui
1312 633 1417 696 plus
1436 632 1681 680 hominem
1696 650 1839 698 quam
1859 633 2012 679 Deum

592 721 838 767 metuunt,
862 712 943 775 qui
969 728 1195 775 pauperes
1217 710 1523 774 opprimunt,
1549 711 1711 757 viduas
1735 721 1781 756 et
1805 710 2011 774 pupillos

593 788 649 835 ad
669 807 716 836 se
734 789 1046 836 vociferantes
1065 788 1286 835 exaudire
1306 788 1507 848 nolunt,
1529 788 1648 834 nulli
1666 788 1900 852 justitiam
1921 787 2011 833 nisi

593 867 823 914 mercanti
861 866 1061 913 faciunt.
1101 867 1282 912 Praeter
1321 865 1419 912 liaec
1450 877 1562 911 sunt
1587 876 1634 912 et
1664 865 1751 910 alia
1784 864 1931 910 multa
1962 881 2013 910 ac

595 963 714 1009 pene
741 943 1132 1000 innumerabilia,
1161 962 1268 1008 quae
1298 955 1391 990 tam
1420 943 1479 989 ab
1511 945 1611 1008 ipso
1641 943 1844 1007 populo,
1872 959 2014 1007 quam

595 1040 619 1068 a
652 1021 921 1069 rectoribus
960 1024 1056 1085 ejus
1099 1021 1316 1086 quotidie
1358 1022 1766 1077 committuntur3
1808 1031 1861 1066 ut
1903 1031 2016 1066 sunt

594 1100 800 1164 perjuria
817 1135 828 1155 ‚
860 1098 1138 1155 ebrietates,
1169 1098 1424 1156 adulteria,
1453 1098 1733 1156 homicidia,
1759 1098 1909 1154 furta,
1938 1115 2017 1143 ra-

598 1178 741 1242 pinae,
764 1196 872 1243 quae
895 1194 1038 1224 nemo
1062 1176 1162 1223 fieri
1188 1177 1429 1241 prohibet,
1449 1188 1512 1234 et,
1537 1195 1643 1223 cum
1666 1176 1785 1223 facta
1806 1176 2014 1231 fuerint,

596 1272 696 1301 non
723 1267 791 1301 est
815 1255 897 1320 qui
926 1253 1153 1300 vindicet.
1185 1255 1485 1301 Potentiores
1505 1255 1683 1320 quique
1709 1253 1930 1318 turpibus
1952 1253 2020 1299 lu-

598 1333 688 1378 cris
715 1332 1005 1385 inserviunt3
1038 1342 1084 1378 et
1109 1331 1215 1379 loco
1242 1333 1508 1397 superiore,
1539 1351 1683 1398 quem
1714 1343 1913 1398 propter
1940 1349 2020 1377 re-

596 1409 774 1473 gendos
796 1408 1046 1455 inferiores
1063 1420 1372 1474 acceperunt,
1399 1409 1456 1456 acl
1472 1409 1739 1474 superbiam
1763 1420 1807 1456 et
1832 1410 2019 1455 inanem

597 1487 796 1552 gloriam
818 1486 1116 1543 abutuntur3
1141 1487 1305 1534 odium
1323 1499 1369 1534 et
1390 1488 1614 1534 invidiam
1629 1523 1639 1543 ,
1663 1506 1760 1535 non
1780 1498 1875 1533 tam
1894 1488 2020 1533 inter

599 1574 874 1619 extraneos,
909 1581 1053 1628 quam
1085 1564 1210 1611 inter
1237 1565 1537 1629 propinquos
1568 1575 1614 1610 et
1643 1565 1868 1610 affinitate
1900 1581 2020 1609 con—

593 1644 788 1704 junctos
808 1650 1032 1686 exercent
1049 1659 1061 1696 ;
1085 1640 1261 1686 amicus
1280 1642 1433 1688 amico
1453 1659 1552 1688 non
1573 1641 1746 1697 credit,
1771 1640 1916 1686 frater
1936 1639 2022 1685 fra·

601 1730 723 1765 trem
756 1718 884 1774 odit,
919 1729 1054 1782 pater
1089 1718 1242 1764 filium
1278 1737 1378 1766 non
1412 1719 1583 1783 diligit.
1624 1719 1735 1764 Rari
1770 1728 1910 1774 sunt,
1939 1717 2022 1781 qui

602 1796 805 1843 fideliter
824 1814 876 1842 ac
897 1797 1067 1844 devote
1089 1797 1292 1843 decimas
1317 1797 1456 1854 dent,
1485 1797 1688 1843 rariores
1709 1797 1788 1862 qui
1813 1797 2021 1843 eleemo-

602 1892 742 1939 synas
776 1875 985 1931 saciant;
1026 1886 1073 1922 ct,
1114 1875 1204 1922 hoc
1242 1875 1346 1923 ideo
1368 1911 1379 1930 ,
1414 1875 1526 1940 quia
1553 1873 1787 1940 quidquid
1821 1875 1922 1921 Deo
1949 1873 2023 1920 vel

602 1952 889 2016 pauperibus
916 1953 1027 2000 clare
1049 1952 1304 2017 jubentur,
1334 1953 1382 1999 id
1408 1952 1495 1999 sibi
1524 1952 1679 2016 perire
1703 1952 2019 1999 arbitrantur.

603 2030 794 2095 lniquas
817 2048 1058 2077 mensuras
1078 2041 1121 2078 et
1150 2031 1320 2095 injusta
1346 2031 1580 2095 pondera,
1603 2040 1770 2077 contra
1795 2030 1878 2076 Dei
1899 2046 2024 2093 prae-

605 2118 826 2172 ceptum,
856 2107 1028 2156 habere
1061 2126 1160 2155 non
1185 2120 1440 2166 terentum
1471 2109 1637 2156 fraude
1666 2126 1712 2156 se
1737 2108 2023 2155 alterutrum

606 2186 1021 2243 circumveniunt3
1057 2187 1168 2233 falsa
1202 2188 1475 2235 testimonia
1506 2187 1662 2234 dicere
1695 2204 1793 2233 non
1827 2183 2025 2232 erubes-

607 2274 751 2319 cunt3
782 2263 878 2310 dies
903 2264 1172 2310 dominicos
1195 2282 1247 2310 ac
1273 2265 1466 2312 feriatos
1489 2283 1587 2312 non
1615 2263 1917 2319 custodiunt,
1947 2262 2024 2310 sed

609 2341 656 2386 in
686 2339 773 2396 his,
803 2358 854 2387 ac
870 2341 904 2386 si
932 2342 980 2387 in
1002 2342 1202 2399 caeteris,
1231 2353 1377 2406 prout
1400 2343 1618 2389 voluntas
1639 2360 1806 2390 eorum
1831 2342 2022 2398 tulerit,

608 2427 901 2484 operantur.-
918 2419 1122 2483 Propter
1146 2419 1247 2466 haec
1271 2430 1318 2467 et
1343 2420 1428 2467 alia
1456 2420 1603 2467 multa
1620 2458 1631 2478 ,
1658 2439 1767 2487 quae
1790 2423 1915 2468 Deus
1945 2430 2028 2465 aut

609 2494 838 2558 praecepit
864 2493 1138 2541 hominibus
1165 2507 1219 2541 ut
1245 2495 1479 2553 facerent,
1506 2508 1586 2542 aut
1606 2497 1854 2562 prohibuit
1874 2514 1934 2543 ne
1952 2496 2026 2542 fa-

610 2580 801 2627 cerent,
829 2571 940 2635 quia
964 2572 1169 2635 populus
1201 2573 1276 2619 hic
1307 2592 1390 2637 per
1415 2576 1763 2621 contumaciam
1795 2573 2025 2621 mandatis

611 2651 708 2713 ejus
746 2648 1024 2696 inobediens
1066 2651 1259 2698 effectus
1303 2662 1396 2708 est,
1443 2654 1683 2717 permissi,
1727 2654 1874 2700 immo
1907 2652 2022 2715 jussi

611 2744 770 2772 sumus
811 2746 860 2773 ea
902 2727 1054 2774 facere
1084 2728 1131 2774 in
1177 2727 1316 2775 rebus
1361 2729 1603 2785 humanis,
1656 2748 1762 2795 qnae
1811 2729 2024 2793 superius
