2105 3348
603 260 654 294 90
1026 244 1277 286 EINHARDI
1311 242 1578 282 EPIsTOLAE.

987 395 1003 412 *
1034 393 1076 431 L.
1108 392 1173 430 AD
1204 392 1246 428 N.
1279 388 1612 439 coMrsEM(1).

672 496 918 561 Magnifico
943 508 989 544 et
1013 493 1277 544 honorabili
1302 501 1442 556 atque
1464 491 1634 538 illustri
1663 492 1793 550 viro,
1821 493 1882 540 N.
1909 495 2010 559 glo-

608 578 731 622 rioso
762 575 970 639 [comiti,
997 571 1278 620 Einliarclas
1297 569 1549 633 oeternam]
1570 569 1618 615 in
1647 569 1860 618 Domino
1893 571 2011 618 salu-

610 664 718 699 tem.
740 652 910 712 —Qui
948 652 993 698 in
1024 661 1171 698 vestra
1209 647 1413 695 amicitia
1451 647 1656 694 multum
1695 648 2007 705 confidimus,

607 729 977 792 [benignitatem
1011 725 1247 790 vestram]
1290 742 1459 790 rogare
1503 742 1604 772 non
1643 724 1915 772 dubitamus
1955 725 2012 773 de

600 806 796 869 justiti-is
822 805 1067 853 beatorum
1093 802 1265 850 Christi
1293 803 1578 867 [martyrum
1595 841 1605 858 ,
1635 803 1938 867 ffllareellini]
1967 814 2014 851 et

609 883 758 939 Petri,
787 899 892 947 quae
917 884 963 929 in
988 892 1142 929 vestro
1168 881 1435 927 ministerio
1461 881 1636 928 eisdem
1655 882 1729 946 (2)
1750 881 1806 929 de
1826 881 2013 947 quibus-

608 959 713 1005 dam
741 960 938 1023 man[.5is
956 960 1218 1022 pertinent,
1261 958 1503 1023 qzias]que
1529 976 1736 1023 praesens
1763 960 2014 1006 advocatus

610 1037 841 1085 nosterN.
859 1055 1016 1084 coram
1032 1036 1166 1084 vobis
1185 1036 1404 1102 quaesivit
1425 1037 1493 1101 [et
1511 1037 1774 1083 arbitratur
1789 1037 1860 1100 se]
1882 1054 2015 1100 posse

609 1115 854 1179 adquirere
888 1117 923 1161 si
965 1125 1173 1162 vestrum
1208 1115 1500 1179 adjutorium
1534 1115 1770 1162 habuerit.
1807 1114 2016 1162 Proinde

612 1190 863 1254 [instanter
881 1193 1164 1258 precamur]
1199 1191 1545 1257 benignitatem
1569 1203 1774 1239 vestram
1800 1201 1854 1237 ut
1887 1209 2013 1249 eum,

610 1286 707 1316 non
731 1270 881 1316 solum
916 1271 964 1317 in
994 1270 1078 1317 hac
1113 1288 1264 1328 causa,
1302 1271 1381 1319 sed
1405 1272 1547 1319 etiam
1573 1272 1647 1335 [in
1671 1271 1784 1318 aliis
1816 1271 2019 1335 quibus-

611 1347 850 1411 cumque}
877 1347 1092 1412 adjuvare
1115 1349 1377 1414 dignemini
1410 1361 1465 1396 ut
1493 1367 1579 1414 per
1608 1348 1698 1396 hoc
1731 1359 2019 1396 memoratos

609 1420 781 1468 Christi
808 1424 1072 1489 [martyres,
1098 1426 1445 1473 Marcellinum
1465 1437 1509 1472 ec
1531 1425 1767 1490 Petram,]
1792 1435 2020 1490 patronos

609 1511 747 1565 atque
766 1502 1095 1551 intercessores
1115 1503 1289 1552 habere
1310 1505 1610 1553 mereamini.

1009 1740 1059 1778 LI
1085 1741 1152 1789 (3).
1184 1741 1250 1778 AD
1280 1739 1610 1778 HLOTARIUM.

677 1849 905 1897 Dominus
927 1869 1072 1908 meus»,
1097 1853 1333 1917 piissimus
1355 1853 1546 1919 genitor
1572 1862 1743 1909 vester,
1764 1852 1904 1916 jussit
1930 1850 2019 1911 [Ν.

612 1927 885 1994 episcopum
902 1940 945 1975 et
963 1930 1185 1978 abbatem
1201 1931 1294 1997 N]
1322 1932 1379 1979 de
1404 1931 1697 1980 monasterio
1710 1930 1789 1988 N.‚
1812 1940 1866 1976 ut
1884 1928 2023 1977 nobis

611 2005 844 2068 adjutores
879 2018 926 2054 et
964 2010 1319 2074 coope[ratores
1359 2010 1531 2074 essent]
1569 2010 1617 2056 in
1660 2009 2023 2056 constructione

658 2208 708 2253 (1)
733 2209 816 2244 Haec
832 2211 983 2257 epistola
999 2220 1034 2248 et
1048 2221 1238 2261 sequentes
1252 2215 1370 2263 signo,
1386 2214 1486 2262 quod
1500 2214 1714 2250 asteriscum
1727 2219 1870 2256 vocant,
1886 2212 2025 2260 pariter

616 2274 764 2311 notatae,
785 2281 802 2302 a
825 2270 987 2316 pristinis
1004 2271 1206 2309 editoribus
1226 2275 1364 2310 omissae
1381 2275 1551 2319 fuerunt,
1572 2275 1711 2323 quippe
1734 2286 1812 2321 quae
1842 2273 1879 2307 in
1899 2272 2024 2307 codice

616 2326 747 2372 partim
779 2328 927 2372 munim,
961 2331 1093 2376 partim
1125 2333 1283 2380 quodam
1305 2341 1384 2369 atro
1413 2334 1556 2382 liquore
1580 2333 1779 2382 inquinatae
1791 2361 1799 2376 ³
1832 2331 2024 2367 oculorum

617 2387 728 2420 aciem
739 2389 881 2433 penitus
891 2388 959 2441 effu
966 2391 1077 2436 giant.
1090 2392 1177 2437 Quae
1190 2401 1311 2429 autem
1321 2394 1393 2442 legi
1402 2407 1477 2430 non
1488 2401 1641 2442 possunt
1648 2406 1688 2429 ea
1697 2394 1892 2429 restituere
1904 2391 2025 2428 conati

617 2457 656 2479 su
663 2458 753 2489 mus,
767 2447 1046 2497 charactereque
1059 2451 1179 2487 italico
1191 2454 1287 2489 inter
1301 2467 1413 2490 uncos
1425 2455 1648 2502 scripsimus,
1662 2454 1734 2489 hoc
1745 2452 1854 2488 simul
1865 2464 2026 2500 semper-

616 2516 686 2550 que
706 2517 881 2552 perpenso
894 2513 946 2549 ut,
966 2508 1010 2542 ad
1026 2510 1273 2555 complendam
1286 2513 1550 2548 sententiarum
1564 2513 1706 2556 seriem,
1718 2524 1834 2556 voces,
1845 2511 1972 2559 saepius
1981 2510 2026 2545 ab

618 2564 802 2599 Einhardo
826 2573 1031 2613 usurpatas,
1052 2572 1304 2607 tantummodo
1330 2572 1601 2615 adhiberemus,
1621 2584 1687 2607 nec
1712 2571 1886 2606 mutilum
1903 2571 2025 2616 cujus-

618 2636 687 2669 que
704 2624 803 2659 liuva*
821 2626 976 2671 spatium
998 2627 1200 2664 litterarum
1218 2643 1370 2667 numero
1389 2631 1657 2667 excederemus.

664 2686 713 2726 (wi
739 2686 829 2720 Cod.
852 2691 1069 2721 numm-teria
1090 2688 1194 2723 idem.

667 2742 715 2780 (3)
744 2746 824 2778 11:1¹0
844 2747 992 2792 epistola
1015 2748 1081 2781 suli
1100 2761 1252 2784 numero
1274 2762 1304 2783 L.
1324 2751 1360 2784 in
1378 2751 1486 2786 editis
1507 2757 1664 2785 notatur.
