2105 3348
624 245 700 282 ‘288
920 239 1162 279 HISTORIA
1192 238 1614 286 TRANSLATIONIS,
1647 254 1726 280 mc.

625 319 923 374 enumeravi,
946 329 999 363 ut
1032 316 1242 382 perfidiae
1273 334 1368 363 suae
1398 332 1565 380 poenas
1590 316 1740 363 luant.
1768 318 1890 364 Sunt
1908 320 2036 365 enim

624 397 788 461 perfidi
807 406 948 460 atque
964 395 1208 442 mendaces
1222 431 1236 454 ,
1262 412 1371 440 cum
1391 393 1481 441 hoc
1506 410 1691 441 servare
1714 412 1812 441 non
1838 407 2006 442 curant
2020 433 2032 453 ‚

624 475 754 539 quod
780 474 828 520 in
850 473 1088 537 baptismo
1112 473 1456 537 promiserunt.
1477 491 1498 515 υ
1525 473 1638 519 Haec
1667 473 1823 519 omnia
1845 473 2034 521 daemon

622 569 707 613 per
730 567 781 597 os
809 549 1023 597 barbarae
1048 550 1219 614 puellae
1246 549 1389 597 latine
1413 548 1599 596 locutus
1624 559 1709 595 est.

683 1115 761 1159 54.
801 1110 864 1156 Et
889 1127 996 1155 cum
1032 1106 1277 1172 presbyter
1302 1107 1578 1171 imperando
1616 1124 1782 1172 urgere
1813 1107 2033 1172 coepisset

615 1201 670 1237 ut
692 1190 859 1237 exiret.
892 1208 914 1232 «
941 1185 1125 1244 Exibo,
1154 1186 1335 1251 inquit,
1362 1203 1459 1232 non
1488 1196 1688 1250 propter
1713 1197 1850 1231 tuum
1878 1187 2031 1250 impe-

614 1269 769 1322 rium,
800 1264 878 1312 sed
903 1274 1102 1328 propter
1128 1263 1412 1309 Sanctorum
1444 1272 1754 1326 potestatem,
1779 1262 1861 1327 qui
1887 1281 1962 1309 me
1984 1263 2029 1309 in

614 1345 691 1390 illa
711 1343 888 1389 diutius
909 1358 1098 1387 manere
1118 1358 1215 1387 non
1237 1340 1543 1404 permittunt.
1570 1360 1591 1384 »
1613 1341 1695 1386 His
1715 1340 1876 1398 dictis,
1900 1340 2031 1405 puel-

612 1422 706 1467 lam
732 1421 778 1466 in
807 1419 1133 1483 pavimentum
1154 1417 1378 1481 projecit;
1403 1426 1544 1481 atque
1566 1416 1630 1462 ibi
1653 1417 2028 1482 aliquantulum,

614 1499 743 1545 velut
774 1497 1122 1552 dormientem,
1160 1512 1318 1559 prono
1352 1512 1554 1558 corpore
1573 1497 1728 1559 jacere
1758 1494 1888 1541 fecit.
1919 1495 2031 1542 Post

608 1575 857 1641 paululum
883 1592 996 1621 vero
1022 1573 1106 1620 illo
1131 1572 1406 1630 recedente,
1433 1573 1564 1638 quasi
1596 1573 1652 1620 de
1678 1590 1848 1620 somno
1878 1573 2028 1637 evigi-

607 1654 738 1712 lans,
772 1670 858 1717 per
883 1651 1111 1697 virtutem
1137 1649 1312 1696 Christi
1347 1660 1393 1697 et
1420 1650 1589 1697 merita
1620 1648 1868 1697 beatorum
1896 1650 2028 1696 Mar-—

607 1741 790 1797 tyrum,
814 1729 968 1794 puella
982 1764 995 1786 ,
1024 1729 1207 1775 cunctis
1230 1728 1312 1793 qui
1337 1728 1533 1775 aderant
1557 1727 1863 1775 cernentibus
1887 1739 2028 1794 atque

605 1806 918 1861 mirantibus,
958 1823 1067 1852 sana
1108 1805 1342 1864 surrexit,
1381 1822 1468 1851 nec
1506 1815 1614 1869 post
1658 1816 1876 1851 exactum
1915 1822 1938 1850 a
1979 1823 2025 1852 se

603 1885 873 1933 daemonem
897 1883 1043 1930 latine
1069 1883 1203 1947 loqui
1227 1883 1417 1947 potuit3
1445 1893 1498 1929 ut
1522 1882 1672 1947 palam
1697 1893 1854 1948 posset
1877 1883 2024 1930 intel-

602 1963 713 2027 ligi,
760 1979 859 2009 non
901 1960 1029 2006 illam
1069 1978 1154 2024 per
1191 1978 1262 2018 se,
1300 1959 1379 2007 sed
1414 1959 1684 2007 daemonem
1720 1978 1806 2025 per
1841 1977 1893 2007 os
1925 1962 2023 2024 ejus

601 2041 744 2087 fuisse
781 2039 1013 2085 locutum.
1045 2036 1170 2084 Heu!
1210 2036 1333 2102 proh
1361 2035 1529 2084 dolor!
1559 2036 1615 2083 ad
1649 2047 1850 2102 quantas
1887 2038 2023 2085 mise-

601 2119 693 2165 rias
709 2128 924 2182 tempora
944 2126 1105 2164 nostra
1130 2126 1243 2162 sunt
1262 2115 1482 2163 devoluta
1498 2152 1510 2171 ‚
1531 2116 1580 2162 in
1597 2114 1770 2180 quibus
1789 2133 1885 2163 non
1901 2114 2018 2163 boni

602 2195 819 2242 homines
835 2230 846 2250 ‚
867 2193 946 2241 sed
970 2194 1079 2240 mali
1105 2194 1346 2241 daemones
1370 2193 1590 2241 doctores
1614 2203 1750 2250 sunt;
1780 2204 1826 2240 et
1852 2193 2016 2241 incen-

603 2283 728 2321 tores
765 2271 995 2318 vitiorum
1036 2288 1088 2317 ac
1128 2288 1426 2334 persuasores
1468 2271 1728 2317 criminum
1765 2270 1821 2317 de
1855 2282 2016 2319 nostra

598 2367 685 2398 nos
707 2349 1005 2397 correctione
1031 2359 1360 2396 commonent.

657 2741 734 2786 52.
775 2735 957 2784 Eodem
988 2735 1086 2783 fere
1120 2746 1334 2800 tempore
1361 2737 1733 2784 sanctimonialis
1760 2736 2001 2802 quaedam,
