<?xml version="1.0" encoding="UTF-8"?>
<!DOCTYPE html PUBLIC "-//W3C//DTD XHTML 1.0 Transitional//EN"
    "http://www.w3.org/TR/xhtml1/DTD/xhtml1-transitional.dtd">
<html xmlns="http://www.w3.org/1999/xhtml" xml:lang="en" lang="en">
 <head>
  <title>
</title>
<meta http-equiv="Content-Type" content="text/html;charset=utf-8" />
  <meta name='ocr-system' content='tesseract 3.04.00' />
  <meta name='ocr-capabilities' content='ocr_page ocr_carea ocr_par ocr_line ocrx_word'/>
</head>
<body>
  <div class='ocr_page' id='page_1' title='image "./einhardiomniaqua02einhuoft_0452.png"; bbox 0 0 2105 3348; ppageno 0'>
   <div class='ocr_carea' id='block_1_1' title="bbox 568 304 1527 346">
    <p class='ocr_par' dir='ltr' id='par_1_1' title="bbox 568 304 1527 346">
     <span class='ocr_line' id='line_1_1' title="bbox 568 304 1527 346; baseline -0.003 -1"><span class='ocrx_word' id='word_1_1' title='bbox 568 308 644 346; x_wconf 73' lang='lat'><strong>412</strong></span> <span class='ocrx_word' id='word_1_2' title='bbox 1008 304 1261 341; x_wconf 88' lang='lat' dir='ltr'><strong>EINHARDl</strong></span> <span class='ocrx_word' id='word_1_3' title='bbox 1293 304 1527 343; x_wconf 79' lang='lat' dir='ltr'><strong>CHARTAE.</strong></span> 
     </span>
    </p>
   </div>
   <div class='ocr_carea' id='block_1_2' title="bbox 558 381 1979 2232">
    <p class='ocr_par' dir='ltr' id='par_1_2' title="bbox 558 381 1979 2232">
     <span class='ocr_line' id='line_1_2' title="bbox 565 381 1966 446; baseline 0.002 -17"><span class='ocrx_word' id='word_1_4' title='bbox 565 382 826 431; x_wconf 86' lang='lat' dir='ltr'><strong>celsitudini</strong></span> <span class='ocrx_word' id='word_1_5' title='bbox 862 391 1067 438; x_wconf 84' lang='lat' dir='ltr'><strong>nostrae,</strong></span> <span class='ocrx_word' id='word_1_6' title='bbox 1107 381 1290 429; x_wconf 90' lang='lat' dir='ltr'><strong>fidelem</strong></span> <span class='ocrx_word' id='word_1_7' title='bbox 1323 382 1573 446; x_wconf 80' lang='lat' dir='ltr'>quemdam</span> <span class='ocrx_word' id='word_1_8' title='bbox 1601 395 1844 442; x_wconf 87' lang='lat' dir='ltr'><strong>nostrum,</strong></span> <span class='ocrx_word' id='word_1_9' title='bbox 1875 404 1966 434; x_wconf 91' lang='lat' dir='ltr'><strong>no-</strong></span> 
     </span>
     <span class='ocr_line' id='line_1_3' title="bbox 562 458 1967 525; baseline 0.003 -19"><span class='ocrx_word' id='word_1_10' title='bbox 562 462 689 507; x_wconf 79' lang='lat' dir='ltr'><strong>mine.</strong></span> <span class='ocrx_word' id='word_1_11' title='bbox 724 459 1046 515; x_wconf 81' lang='lat' dir='ltr'><strong>Einhardum,</strong></span> <span class='ocrx_word' id='word_1_12' title='bbox 1082 459 1138 505; x_wconf 91' lang='lat' dir='ltr'><strong>de</strong></span> <span class='ocrx_word' id='word_1_13' title='bbox 1177 458 1459 524; x_wconf 82' lang='lat' dir='ltr'><strong>quibusdam</strong></span> <span class='ocrx_word' id='word_1_14' title='bbox 1496 460 1635 507; x_wconf 87' lang='lat' dir='ltr'><strong>rebus</strong></span> <span class='ocrx_word' id='word_1_15' title='bbox 1669 464 1967 525; x_wconf 79' lang='lat' dir='ltr'>proprietatis</span> 
     </span>
     <span class='ocr_line' id='line_1_4' title="bbox 562 535 1969 601; baseline 0.002 -18"><span class='ocrx_word' id='word_1_16' title='bbox 562 548 736 583; x_wconf 80' lang='lat' dir='ltr'><strong>nostrae</strong></span> <span class='ocrx_word' id='word_1_17' title='bbox 762 535 1020 592; x_wconf 83' lang='lat' dir='ltr'><strong>honorare,</strong></span> <span class='ocrx_word' id='word_1_18' title='bbox 1050 546 1189 601; x_wconf 84' lang='lat' dir='ltr'><strong>atque</strong></span> <span class='ocrx_word' id='word_1_19' title='bbox 1211 537 1258 582; x_wconf 89' lang='lat' dir='ltr'><strong>in</strong></span> <span class='ocrx_word' id='word_1_20' title='bbox 1279 538 1348 582; x_wconf 86' lang='lat' dir='ltr'><strong>sui</strong></span> <span class='ocrx_word' id='word_1_21' title='bbox 1363 538 1483 600; x_wconf 88' lang='lat' dir='ltr'><strong>juris</strong></span> <span class='ocrx_word' id='word_1_22' title='bbox 1499 549 1779 601; x_wconf 84' lang='lat' dir='ltr'><strong>potestatem</strong></span> <span class='ocrx_word' id='word_1_23' title='bbox 1800 538 1969 587; x_wconf 83' lang='lat' dir='ltr'><strong>libera-</strong></span> 
     </span>
     <span class='ocr_line' id='line_1_5' title="bbox 562 615 1969 683; baseline 0.005 -24"><span class='ocrx_word' id='word_1_24' title='bbox 562 615 706 661; x_wconf 76' lang='lat' dir='ltr'>litatis</span> <span class='ocrx_word' id='word_1_25' title='bbox 732 624 907 661; x_wconf 86' lang='lat' dir='ltr'><strong>nostrae</strong></span> <span class='ocrx_word' id='word_1_26' title='bbox 932 615 1077 678; x_wconf 81' lang='lat' dir='ltr'><strong>gratia</strong></span> <span class='ocrx_word' id='word_1_27' title='bbox 1104 615 1339 662; x_wconf 90' lang='lat' dir='ltr'><strong>conferre.</strong></span> <span class='ocrx_word' id='word_1_28' title='bbox 1371 615 1469 662; x_wconf 90' lang='lat' dir='ltr'><strong>Nec</strong></span> <span class='ocrx_word' id='word_1_29' title='bbox 1501 617 1767 663; x_wconf 86' lang='lat' dir='ltr'><strong>immerito:</strong></span> <span class='ocrx_word' id='word_1_30' title='bbox 1795 619 1969 683; x_wconf 86' lang='lat' dir='ltr'><strong>quippe</strong></span> 
     </span>
     <span class='ocr_line' id='line_1_6' title="bbox 562 690 1970 756; baseline 0.003 -20"><span class='ocrx_word' id='word_1_31' title='bbox 562 708 669 736; x_wconf 87' lang='lat' dir='ltr'><strong>cum</strong></span> <span class='ocrx_word' id='word_1_32' title='bbox 707 701 753 737; x_wconf 83' lang='lat' dir='ltr'><strong>et</strong></span> <span class='ocrx_word' id='word_1_33' title='bbox 787 690 1023 737; x_wconf 86' lang='lat' dir='ltr'><strong>fidelitatis</strong></span> <span class='ocrx_word' id='word_1_34' title='bbox 1063 691 1290 756; x_wconf 88' lang='lat' dir='ltr'><strong>obsequio</strong></span> <span class='ocrx_word' id='word_1_35' title='bbox 1325 702 1372 738; x_wconf 83' lang='lat' dir='ltr'><strong>et</strong></span> <span class='ocrx_word' id='word_1_36' title='bbox 1403 691 1684 740; x_wconf 69' lang='lat' dir='ltr'>obedientiae</span> <span class='ocrx_word' id='word_1_37' title='bbox 1719 693 1970 741; x_wconf 75' lang='lat' dir='ltr'><strong>devotione</strong></span> 
     </span>
     <span class='ocr_line' id='line_1_7' title="bbox 560 766 1971 834; baseline 0.004 -22"><span class='ocrx_word' id='word_1_38' title='bbox 560 766 649 813; x_wconf 85' lang='lat' dir='ltr'><strong>hoc</strong></span> <span class='ocrx_word' id='word_1_39' title='bbox 693 768 815 831; x_wconf 85' lang='lat' dir='ltr'><strong>apud</strong></span> <span class='ocrx_word' id='word_1_40' title='bbox 853 769 1153 815; x_wconf 83' lang='lat' dir='ltr'><strong>serenitatem</strong></span> <span class='ocrx_word' id='word_1_41' title='bbox 1192 780 1403 817; x_wconf 87' lang='lat' dir='ltr'><strong>nostram</strong></span> <span class='ocrx_word' id='word_1_42' title='bbox 1435 770 1574 834; x_wconf 80' lang='lat' dir='ltr'><strong>digne</strong></span> <span class='ocrx_word' id='word_1_43' title='bbox 1607 781 1842 817; x_wconf 85' lang='lat' dir='ltr'><strong>mereatur</strong></span> <span class='ocrx_word' id='word_1_44' title='bbox 1871 770 1971 817; x_wconf 90' lang='lat' dir='ltr'><strong>adi-</strong></span> 
     </span>
     <span class='ocr_line' id='line_1_8' title="bbox 561 845 1971 911; baseline 0.005 -22"><span class='ocrx_word' id='word_1_45' title='bbox 561 845 700 907; x_wconf 84' lang='lat' dir='ltr'><strong>pisci,</strong></span> <span class='ocrx_word' id='word_1_46' title='bbox 731 846 811 909; x_wconf 90' lang='lat' dir='ltr'><strong>qui</strong></span> <span class='ocrx_word' id='word_1_47' title='bbox 842 847 952 892; x_wconf 86' lang='lat' dir='ltr'><strong>totis</strong></span> <span class='ocrx_word' id='word_1_48' title='bbox 978 845 1176 906; x_wconf 83' lang='lat' dir='ltr'>nisibus,</span> <span class='ocrx_word' id='word_1_49' title='bbox 1205 864 1557 911; x_wconf 81' lang='lat' dir='ltr'><strong>usquequaque,</strong></span> <span class='ocrx_word' id='word_1_50' title='bbox 1587 858 1751 896; x_wconf 89' lang='lat' dir='ltr'><strong>nostro</strong></span> <span class='ocrx_word' id='word_1_51' title='bbox 1781 850 1971 896; x_wconf 79' lang='lat' dir='ltr'><strong>servitio</strong></span> 
     </span>
     <span class='ocr_line' id='line_1_9' title="bbox 558 923 1971 989; baseline 0.004 -22"><span class='ocrx_word' id='word_1_52' title='bbox 558 932 604 967; x_wconf 86' lang='lat' dir='ltr'><strong>et</strong></span> <span class='ocrx_word' id='word_1_53' title='bbox 625 923 799 969; x_wconf 85' lang='lat' dir='ltr'><strong>nostris</strong></span> <span class='ocrx_word' id='word_1_54' title='bbox 816 923 1107 986; x_wconf 82' lang='lat' dir='ltr'><strong>jussionibus</strong></span> <span class='ocrx_word' id='word_1_55' title='bbox 1131 923 1333 972; x_wconf 85' lang='lat' dir='ltr'><strong>fideliter</strong></span> <span class='ocrx_word' id='word_1_56' title='bbox 1358 943 1520 989; x_wconf 86' lang='lat' dir='ltr'><strong>parere</strong></span> <span class='ocrx_word' id='word_1_57' title='bbox 1541 925 1714 971; x_wconf 81' lang='lat' dir='ltr'><strong>studet.</strong></span> <span class='ocrx_word' id='word_1_58' title='bbox 1740 925 1851 972; x_wconf 89' lang='lat' dir='ltr'><strong>Inde</strong></span> <span class='ocrx_word' id='word_1_59' title='bbox 1883 943 1971 973; x_wconf 85' lang='lat' dir='ltr'><strong>no-</strong></span> 
     </span>
     <span class='ocr_line' id='line_1_10' title="bbox 558 1001 1973 1067; baseline 0.004 -23"><span class='ocrx_word' id='word_1_60' title='bbox 558 1001 681 1046; x_wconf 87' lang='lat' dir='ltr'><strong>verit</strong></span> <span class='ocrx_word' id='word_1_61' title='bbox 704 1002 992 1064; x_wconf 80' lang='lat' dir='ltr'><strong>experientia</strong></span> <span class='ocrx_word' id='word_1_62' title='bbox 1017 1013 1162 1067; x_wconf 86' lang='lat' dir='ltr'><strong>atque</strong></span> <span class='ocrx_word' id='word_1_63' title='bbox 1182 1003 1357 1049; x_wconf 87' lang='lat' dir='ltr'><strong>utilitas</strong></span> <span class='ocrx_word' id='word_1_64' title='bbox 1384 1004 1600 1050; x_wconf 88' lang='lat' dir='ltr'><strong>omnium</strong></span> <span class='ocrx_word' id='word_1_65' title='bbox 1626 1004 1835 1050; x_wconf 90' lang='lat' dir='ltr'><strong>fidelium</strong></span> <span class='ocrx_word' id='word_1_66' title='bbox 1861 1022 1973 1051; x_wconf 89' lang='lat' dir='ltr'><strong>nos-</strong></span> 
     </span>
     <span class='ocr_line' id='line_1_11' title="bbox 563 1081 1971 1147; baseline 0.004 -25"><span class='ocrx_word' id='word_1_67' title='bbox 563 1087 774 1134; x_wconf 90' lang='lat' dir='ltr'><strong>trorum,</strong></span> <span class='ocrx_word' id='word_1_68' title='bbox 816 1089 910 1124; x_wconf 87' lang='lat' dir='ltr'><strong>tam</strong></span> <span class='ocrx_word' id='word_1_69' title='bbox 935 1081 1243 1144; x_wconf 72' lang='lat' dir='ltr'><strong>prsesentium</strong></span> <span class='ocrx_word' id='word_1_70' title='bbox 1273 1099 1415 1146; x_wconf 86' lang='lat' dir='ltr'><strong>quam</strong></span> <span class='ocrx_word' id='word_1_71' title='bbox 1448 1092 1492 1128; x_wconf 92' lang='lat' dir='ltr'><strong>et</strong></span> <span class='ocrx_word' id='word_1_72' title='bbox 1530 1081 1833 1138; x_wconf 85' lang='lat' dir='ltr'><strong>futurorum,</strong></span> <span class='ocrx_word' id='word_1_73' title='bbox 1864 1083 1971 1147; x_wconf 87' lang='lat' dir='ltr'><strong>quia</strong></span> 
     </span>
     <span class='ocr_line' id='line_1_12' title="bbox 560 1156 1974 1214; baseline 0.002 -14"><span class='ocrx_word' id='word_1_74' title='bbox 560 1156 873 1202; x_wconf 86' lang='lat' dir='ltr'><strong>concessimus</strong></span> <span class='ocrx_word' id='word_1_75' title='bbox 897 1157 1048 1203; x_wconf 87' lang='lat' dir='ltr'><strong>eidem</strong></span> <span class='ocrx_word' id='word_1_76' title='bbox 1068 1156 1192 1204; x_wconf 86' lang='lat' dir='ltr'><strong>fideli</strong></span> <span class='ocrx_word' id='word_1_77' title='bbox 1216 1168 1381 1205; x_wconf 82' lang='lat' dir='ltr'><strong>nostro</strong></span> <span class='ocrx_word' id='word_1_78' title='bbox 1402 1157 1672 1214; x_wconf 79' lang='lat' dir='ltr'><strong>Einhardo,</strong></span> <span class='ocrx_word' id='word_1_79' title='bbox 1699 1176 1786 1205; x_wconf 85' lang='lat' dir='ltr'><strong>nec</strong></span> <span class='ocrx_word' id='word_1_80' title='bbox 1810 1175 1908 1205; x_wconf 89' lang='lat' dir='ltr'><strong>non</strong></span> <span class='ocrx_word' id='word_1_81' title='bbox 1928 1169 1974 1204; x_wconf 83' lang='lat' dir='ltr'><strong>et</strong></span> 
     </span>
     <span class='ocr_line' id='line_1_13' title="bbox 563 1234 1974 1298; baseline 0.004 -22"><span class='ocrx_word' id='word_1_82' title='bbox 563 1234 750 1295; x_wconf 75' lang='lat' dir='ltr'><strong>conjugi</strong></span> <span class='ocrx_word' id='word_1_83' title='bbox 791 1251 885 1279; x_wconf 86' lang='lat' dir='ltr'><strong>suae</strong></span> <span class='ocrx_word' id='word_1_84' title='bbox 924 1235 1115 1291; x_wconf 83' lang='lat' dir='ltr'><strong>lmmae,</strong></span> <span class='ocrx_word' id='word_1_85' title='bbox 1153 1235 1201 1280; x_wconf 92' lang='lat' dir='ltr'><strong>in</strong></span> <span class='ocrx_word' id='word_1_86' title='bbox 1239 1234 1452 1298; x_wconf 84' lang='lat' dir='ltr'><strong>partibus</strong></span> <span class='ocrx_word' id='word_1_87' title='bbox 1483 1236 1782 1293; x_wconf 67' lang='lat' dir='ltr'><strong>Germaniae,</strong></span> <span class='ocrx_word' id='word_1_88' title='bbox 1815 1236 1974 1283; x_wconf 85' lang='lat' dir='ltr'><strong>locum</strong></span> 
     </span>
     <span class='ocr_line' id='line_1_14' title="bbox 562 1309 1973 1376; baseline 0.005 -23"><span class='ocrx_word' id='word_1_89' title='bbox 562 1309 641 1372; x_wconf 89' lang='lat' dir='ltr'><strong>qui</strong></span> <span class='ocrx_word' id='word_1_90' title='bbox 665 1319 860 1355; x_wconf 86' lang='lat' dir='ltr'><strong>vocatur</strong></span> <span class='ocrx_word' id='word_1_91' title='bbox 883 1310 1175 1357; x_wconf 84' lang='lat' dir='ltr'><strong>Michlinstat</strong></span> <span class='ocrx_word' id='word_1_92' title='bbox 1197 1312 1271 1375; x_wconf 78' lang='grc' dir='ltr'><strong>(ι)</strong></span> <span class='ocrx_word' id='word_1_93' title='bbox 1298 1313 1342 1358; x_wconf 86' lang='lat' dir='ltr'><strong>in</strong></span> <span class='ocrx_word' id='word_1_94' title='bbox 1366 1313 1476 1358; x_wconf 80' lang='lat' dir='ltr'><strong>silva</strong></span> <span class='ocrx_word' id='word_1_95' title='bbox 1497 1329 1605 1376; x_wconf 84' lang='lat' dir='ltr'><strong>quae</strong></span> <span class='ocrx_word' id='word_1_96' title='bbox 1631 1324 1826 1358; x_wconf 80' lang='lat' dir='ltr'><strong>vocatur</strong></span> <span class='ocrx_word' id='word_1_97' title='bbox 1850 1313 1973 1360; x_wconf 87' lang='lat' dir='ltr'><strong>Odo-</strong></span> 
     </span>
     <span class='ocr_line' id='line_1_15' title="bbox 563 1385 1973 1454; baseline 0.004 -24"><span class='ocrx_word' id='word_1_98' title='bbox 563 1385 736 1432; x_wconf 87' lang='lat' dir='ltr'><strong>newalt</strong></span> <span class='ocrx_word' id='word_1_99' title='bbox 756 1387 827 1450; x_wconf 85' lang='lat'><strong>(2)</strong></span> <span class='ocrx_word' id='word_1_100' title='bbox 853 1408 862 1432; x_wconf 90' lang='lat'><strong>:</strong></span> <span class='ocrx_word' id='word_1_101' title='bbox 895 1389 944 1434; x_wconf 93' lang='lat' dir='ltr'><strong>in</strong></span> <span class='ocrx_word' id='word_1_102' title='bbox 971 1391 1101 1453; x_wconf 88' lang='lat' dir='ltr'><strong>cujus</strong></span> <span class='ocrx_word' id='word_1_103' title='bbox 1124 1389 1280 1436; x_wconf 89' lang='lat' dir='ltr'><strong>medio</strong></span> <span class='ocrx_word' id='word_1_104' title='bbox 1305 1400 1373 1436; x_wconf 85' lang='lat' dir='ltr'><strong>est</strong></span> <span class='ocrx_word' id='word_1_105' title='bbox 1400 1389 1584 1435; x_wconf 89' lang='lat' dir='ltr'><strong>basilica</strong></span> <span class='ocrx_word' id='word_1_106' title='bbox 1610 1390 1762 1454; x_wconf 81' lang='lat' dir='ltr'><strong>lignea</strong></span> <span class='ocrx_word' id='word_1_107' title='bbox 1792 1390 1973 1436; x_wconf 86' lang='lat' dir='ltr'><strong>modica</strong></span> 
     </span>
     <span class='ocr_line' id='line_1_16' title="bbox 565 1466 1971 1532; baseline 0.004 -24"><span class='ocrx_word' id='word_1_108' title='bbox 565 1473 862 1522; x_wconf 86' lang='lat' dir='ltr'><strong>constructa,</strong></span> <span class='ocrx_word' id='word_1_109' title='bbox 898 1466 955 1512; x_wconf 88' lang='lat' dir='ltr'><strong>de</strong></span> <span class='ocrx_word' id='word_1_110' title='bbox 978 1484 1067 1531; x_wconf 87' lang='lat' dir='ltr'><strong>qua</strong></span> <span class='ocrx_word' id='word_1_111' title='bbox 1091 1468 1138 1512; x_wconf 91' lang='lat' dir='ltr'><strong>in</strong></span> <span class='ocrx_word' id='word_1_112' title='bbox 1166 1484 1358 1514; x_wconf 89' lang='lat' dir='ltr'><strong>omnem</strong></span> <span class='ocrx_word' id='word_1_113' title='bbox 1385 1477 1585 1531; x_wconf 87' lang='lat' dir='ltr'><strong>partem,</strong></span> <span class='ocrx_word' id='word_1_114' title='bbox 1608 1484 1971 1532; x_wconf 76' lang='lat' dir='ltr'><strong>quaquaversus,</strong></span> 
     </span>
     <span class='ocr_line' id='line_1_17' title="bbox 563 1542 1975 1609; baseline 0.004 -23"><span class='ocrx_word' id='word_1_115' title='bbox 563 1542 806 1604; x_wconf 86' lang='lat' dir='ltr'><strong>pertinent</strong></span> <span class='ocrx_word' id='word_1_116' title='bbox 830 1543 886 1589; x_wconf 89' lang='lat' dir='ltr'><strong>ad</strong></span> <span class='ocrx_word' id='word_1_117' title='bbox 917 1545 1119 1591; x_wconf 88' lang='lat' dir='ltr'><strong>eundem</strong></span> <span class='ocrx_word' id='word_1_118' title='bbox 1152 1545 1311 1592; x_wconf 88' lang='lat' dir='ltr'><strong>locum</strong></span> <span class='ocrx_word' id='word_1_119' title='bbox 1338 1546 1462 1592; x_wconf 85' lang='lat' dir='ltr'><strong>inter</strong></span> <span class='ocrx_word' id='word_1_120' title='bbox 1488 1563 1709 1609; x_wconf 87' lang='lat' dir='ltr'><strong>campum</strong></span> <span class='ocrx_word' id='word_1_121' title='bbox 1738 1556 1784 1592; x_wconf 82' lang='lat' dir='ltr'><strong>et</strong></span> <span class='ocrx_word' id='word_1_122' title='bbox 1813 1545 1975 1592; x_wconf 82' lang='lat' dir='ltr'><strong>silvam</strong></span> 
     </span>
     <span class='ocr_line' id='line_1_18' title="bbox 562 1618 1976 1688; baseline 0.004 -24"><span class='ocrx_word' id='word_1_123' title='bbox 562 1618 712 1683; x_wconf 81' lang='lat' dir='ltr'><strong>leugae</strong></span> <span class='ocrx_word' id='word_1_124' title='bbox 731 1621 837 1667; x_wconf 83' lang='lat' dir='ltr'><strong>duae</strong></span> <span class='ocrx_word' id='word_1_125' title='bbox 856 1657 868 1678; x_wconf 93' lang='lat'><strong><em>,</em></strong></span> <span class='ocrx_word' id='word_1_126' title='bbox 897 1622 943 1668; x_wconf 89' lang='lat' dir='ltr'><strong>id</strong></span> <span class='ocrx_word' id='word_1_127' title='bbox 968 1633 1035 1670; x_wconf 91' lang='lat' dir='ltr'><strong>est</strong></span> <span class='ocrx_word' id='word_1_128' title='bbox 1058 1633 1176 1669; x_wconf 85' lang='lat' dir='ltr'><strong>rasta</strong></span> <span class='ocrx_word' id='word_1_129' title='bbox 1203 1641 1293 1670; x_wconf 87' lang='lat' dir='ltr'><strong>una</strong></span> <span class='ocrx_word' id='word_1_130' title='bbox 1317 1625 1410 1688; x_wconf 79' lang='lat'><strong>(3).</strong></span> <span class='ocrx_word' id='word_1_131' title='bbox 1439 1625 1567 1670; x_wconf 87' lang='lat' dir='ltr'><strong>Intra</strong></span> <span class='ocrx_word' id='word_1_132' title='bbox 1593 1626 1723 1688; x_wconf 87' lang='lat' dir='ltr'><strong>cujus</strong></span> <span class='ocrx_word' id='word_1_133' title='bbox 1742 1641 1976 1671; x_wconf 87' lang='lat' dir='ltr'><strong>mensurae</strong></span> 
     </span>
     <span class='ocr_line' id='line_1_19' title="bbox 563 1697 1974 1765; baseline 0.004 -24"><span class='ocrx_word' id='word_1_134' title='bbox 563 1697 958 1761; x_wconf 88' lang='lat' dir='ltr'><strong>circumplexum,</strong></span> <span class='ocrx_word' id='word_1_135' title='bbox 981 1711 1193 1758; x_wconf 85' lang='lat' dir='ltr'><strong>manent,</strong></span> <span class='ocrx_word' id='word_1_136' title='bbox 1211 1702 1433 1765; x_wconf 81' lang='lat' dir='ltr'><strong>praesenti</strong></span> <span class='ocrx_word' id='word_1_137' title='bbox 1447 1712 1677 1765; x_wconf 86' lang='lat' dir='ltr'><strong>tempore,</strong></span> <span class='ocrx_word' id='word_1_138' title='bbox 1693 1702 1811 1748; x_wconf 84' lang='lat' dir='ltr'><strong>servi</strong></span> <span class='ocrx_word' id='word_1_139' title='bbox 1824 1701 1974 1747; x_wconf 88' lang='lat' dir='ltr'><strong>nostri</strong></span> 
     </span>
     <span class='ocr_line' id='line_1_20' title="bbox 563 1775 1972 1839; baseline 0.004 -20"><span class='ocrx_word' id='word_1_140' title='bbox 563 1775 747 1838; x_wconf 85' lang='lat' dir='ltr'><strong>proprii</strong></span> <span class='ocrx_word' id='word_1_141' title='bbox 795 1778 1181 1839; x_wconf 86' lang='lat' dir='ltr'><strong>quatuordecim,</strong></span> <span class='ocrx_word' id='word_1_142' title='bbox 1230 1797 1339 1826; x_wconf 88' lang='lat' dir='ltr'><strong>cum</strong></span> <span class='ocrx_word' id='word_1_143' title='bbox 1379 1779 1607 1826; x_wconf 83' lang='lat' dir='ltr'><strong>uxoribus</strong></span> <span class='ocrx_word' id='word_1_144' title='bbox 1644 1783 1735 1826; x_wconf 88' lang='lat' dir='ltr'><strong>suis</strong></span> <span class='ocrx_word' id='word_1_145' title='bbox 1771 1789 1817 1826; x_wconf 83' lang='lat' dir='ltr'><strong>et</strong></span> <span class='ocrx_word' id='word_1_146' title='bbox 1847 1778 1972 1825; x_wconf 87' lang='lat' dir='ltr'><strong>filiis.</strong></span> 
     </span>
     <span class='ocr_line' id='line_1_21' title="bbox 561 1850 1973 1913; baseline 0.005 -18"><span class='ocrx_word' id='word_1_147' title='bbox 561 1850 741 1897; x_wconf 85' lang='lat' dir='ltr'><strong>Praeter</strong></span> <span class='ocrx_word' id='word_1_148' title='bbox 766 1851 852 1900; x_wconf 83' lang='lat' dir='ltr'><strong>hos</strong></span> <span class='ocrx_word' id='word_1_149' title='bbox 870 1865 982 1900; x_wconf 84' lang='lat' dir='ltr'><strong>sunt</strong></span> <span class='ocrx_word' id='word_1_150' title='bbox 1007 1856 1056 1901; x_wconf 89' lang='lat' dir='ltr'><strong>in</strong></span> <span class='ocrx_word' id='word_1_151' title='bbox 1085 1855 1250 1902; x_wconf 89' lang='lat' dir='ltr'><strong>eodem</strong></span> <span class='ocrx_word' id='word_1_152' title='bbox 1270 1856 1377 1903; x_wconf 87' lang='lat' dir='ltr'><strong>loco</strong></span> <span class='ocrx_word' id='word_1_153' title='bbox 1396 1892 1408 1913; x_wconf 90' lang='lat'>,</span> <span class='ocrx_word' id='word_1_154' title='bbox 1444 1858 1568 1903; x_wconf 90' lang='lat' dir='ltr'><strong>inter</strong></span> <span class='ocrx_word' id='word_1_155' title='bbox 1587 1856 1816 1903; x_wconf 89' lang='lat' dir='ltr'><strong>masculos</strong></span> <span class='ocrx_word' id='word_1_156' title='bbox 1836 1867 1883 1903; x_wconf 83' lang='lat' dir='ltr'><strong>et</strong></span> <span class='ocrx_word' id='word_1_157' title='bbox 1902 1854 1973 1902; x_wconf 90' lang='lat' dir='ltr'><strong>fe-</strong></span> 
     </span>
     <span class='ocr_line' id='line_1_22' title="bbox 563 1929 1979 1999; baseline 0.004 -26"><span class='ocrx_word' id='word_1_158' title='bbox 563 1929 744 1989; x_wconf 86' lang='lat' dir='ltr'><strong>minas,</strong></span> <span class='ocrx_word' id='word_1_159' title='bbox 778 1932 1011 1996; x_wconf 88' lang='lat' dir='ltr'><strong>mancipia</strong></span> <span class='ocrx_word' id='word_1_160' title='bbox 1037 1934 1364 1999; x_wconf 80' lang='lat' dir='ltr'><strong>quadraginta.</strong></span> <span class='ocrx_word' id='word_1_161' title='bbox 1398 1936 1537 1980; x_wconf 92' lang='lat' dir='ltr'><strong>Hunc</strong></span> <span class='ocrx_word' id='word_1_162' title='bbox 1566 1934 1725 1981; x_wconf 86' lang='lat' dir='ltr'><strong>locum</strong></span> <span class='ocrx_word' id='word_1_163' title='bbox 1749 1951 1856 1980; x_wconf 89' lang='lat' dir='ltr'><strong>cum</strong></span> <span class='ocrx_word' id='word_1_164' title='bbox 1879 1944 1979 1980; x_wconf 86' lang='lat' dir='ltr'><strong>ter-</strong></span> 
     </span>
     <span class='ocr_line' id='line_1_23' title="bbox 563 2006 1977 2076; baseline 0.006 -26"><span class='ocrx_word' id='word_1_165' title='bbox 563 2006 706 2052; x_wconf 91' lang='lat' dir='ltr'><strong>minis</strong></span> <span class='ocrx_word' id='word_1_166' title='bbox 743 2009 860 2064; x_wconf 86' lang='lat' dir='ltr'><strong>suis,</strong></span> <span class='ocrx_word' id='word_1_167' title='bbox 899 2009 987 2056; x_wconf 86' lang='lat' dir='ltr'><strong>sub</strong></span> <span class='ocrx_word' id='word_1_168' title='bbox 1029 2011 1326 2076; x_wconf 79' lang='lat' dir='ltr'><strong>integritate,</strong></span> <span class='ocrx_word' id='word_1_169' title='bbox 1366 2022 1412 2059; x_wconf 85' lang='lat' dir='ltr'><strong>et</strong></span> <span class='ocrx_word' id='word_1_170' title='bbox 1452 2011 1698 2076; x_wconf 86' lang='lat' dir='ltr'><strong>mancipiis</strong></span> <span class='ocrx_word' id='word_1_171' title='bbox 1735 2011 1854 2068; x_wconf 84' lang='lat' dir='ltr'><strong>suis,</strong></span> <span class='ocrx_word' id='word_1_172' title='bbox 1890 2027 1977 2057; x_wconf 89' lang='lat' dir='ltr'><strong>nec</strong></span> 
     </span>
     <span class='ocr_line' id='line_1_24' title="bbox 563 2086 1978 2153; baseline 0.003 -24"><span class='ocrx_word' id='word_1_173' title='bbox 563 2100 663 2130; x_wconf 90' lang='lat' dir='ltr'><strong>non</strong></span> <span class='ocrx_word' id='word_1_174' title='bbox 698 2095 744 2131; x_wconf 89' lang='lat' dir='ltr'><strong>et</strong></span> <span class='ocrx_word' id='word_1_175' title='bbox 784 2086 943 2133; x_wconf 90' lang='lat' dir='ltr'><strong>villam</strong></span> <span class='ocrx_word' id='word_1_176' title='bbox 983 2106 1091 2153; x_wconf 88' lang='lat' dir='ltr'><strong>quae</strong></span> <span class='ocrx_word' id='word_1_177' title='bbox 1126 2088 1302 2135; x_wconf 87' lang='lat' dir='ltr'><strong>dicitur</strong></span> <span class='ocrx_word' id='word_1_178' title='bbox 1329 2088 1613 2136; x_wconf 88' lang='lat' dir='ltr'><strong>Mulinheim</strong></span> <span class='ocrx_word' id='word_1_179' title='bbox 1633 2090 1731 2152; x_wconf 61' lang='lat'><strong>(4),</strong></span> <span class='ocrx_word' id='word_1_180' title='bbox 1763 2105 1870 2153; x_wconf 87' lang='lat' dir='ltr'><strong>quae</strong></span> <span class='ocrx_word' id='word_1_181' title='bbox 1909 2097 1978 2135; x_wconf 87' lang='lat' dir='ltr'><strong>est</strong></span> 
     </span>
     <span class='ocr_line' id='line_1_25' title="bbox 561 2162 1976 2232; baseline 0.004 -25"><span class='ocrx_word' id='word_1_182' title='bbox 561 2162 610 2207; x_wconf 89' lang='lat' dir='ltr'><strong>in</strong></span> <span class='ocrx_word' id='word_1_183' title='bbox 645 2180 766 2228; x_wconf 81' lang='lat' dir='ltr'><strong>pago</strong></span> <span class='ocrx_word' id='word_1_184' title='bbox 793 2165 1138 2231; x_wconf 76' lang='lat' dir='ltr'><strong>Moynecgowe</strong></span> <span class='ocrx_word' id='word_1_185' title='bbox 1158 2168 1260 2232; x_wconf 77' lang='lat'><strong>(5),</strong></span> <span class='ocrx_word' id='word_1_186' title='bbox 1287 2169 1371 2214; x_wconf 83' lang='lat' dir='ltr'><strong>sita</strong></span> <span class='ocrx_word' id='word_1_187' title='bbox 1407 2185 1548 2232; x_wconf 89' lang='lat' dir='ltr'><strong>super</strong></span> <span class='ocrx_word' id='word_1_188' title='bbox 1580 2168 1732 2231; x_wconf 89' lang='lat' dir='ltr'><strong>ripam</strong></span> <span class='ocrx_word' id='word_1_189' title='bbox 1766 2167 1976 2213; x_wconf 86' lang='lat' dir='ltr'><strong>fluminis</strong></span> 
     </span>
    </p>
   </div>
   <div class='ocr_carea' id='block_1_3' title="bbox 564 2290 1430 2307">
    <p class='ocr_par' dir='ltr' id='par_1_3' title="bbox 564 2290 1430 2307">
     <span class='ocr_line' id='line_1_26' title="bbox 564 2290 1430 2307; baseline 0 0"><span class='ocrx_word' id='word_1_190' title='bbox 564 2290 1430 2307; x_wconf 95' lang='lat' dir='ltr'><strong> </strong></span> 
     </span>
    </p>
   </div>
   <div class='ocr_carea' id='block_1_4' title="bbox 605 2357 1741 2472">
    <p class='ocr_par' dir='ltr' id='par_1_4' title="bbox 605 2357 1741 2472">
     <span class='ocr_line' id='line_1_27' title="bbox 608 2357 1741 2409; baseline 0.007 -20"><span class='ocrx_word' id='word_1_191' title='bbox 608 2357 659 2400; x_wconf 85' lang='lat'><strong>(1)</strong></span> <span class='ocrx_word' id='word_1_192' title='bbox 684 2357 930 2393; x_wconf 81' lang='lat' dir='ltr'><strong>Michelstadt.</strong></span> <span class='ocrx_word' id='word_1_193' title='bbox 955 2360 1048 2406; x_wconf 81' lang='lat' dir='ltr'>Voy.</span> <span class='ocrx_word' id='word_1_194' title='bbox 1069 2361 1266 2406; x_wconf 83' lang='lat' dir='ltr'><strong>ci-dessus,</strong></span> <span class='ocrx_word' id='word_1_195' title='bbox 1287 2375 1322 2409; x_wconf 87' lang='lat' dir='ltr'><strong>p.</strong></span> <span class='ocrx_word' id='word_1_196' title='bbox 1343 2361 1424 2406; x_wconf 81' lang='lat'>582,</span> <span class='ocrx_word' id='word_1_197' title='bbox 1447 2370 1550 2397; x_wconf 83' lang='lat' dir='ltr'><strong>notes</strong></span> <span class='ocrx_word' id='word_1_198' title='bbox 1572 2375 1606 2397; x_wconf 81' lang='grc' dir='ltr'><strong>ιι</strong></span> <span class='ocrx_word' id='word_1_199' title='bbox 1629 2370 1665 2397; x_wconf 87' lang='lat' dir='ltr'><strong>et</strong></span> <span class='ocrx_word' id='word_1_200' title='bbox 1690 2374 1741 2397; x_wconf 81' lang='lat'><strong>12.</strong></span> 
     </span>
     <span class='ocr_line' id='line_1_28' title="bbox 605 2420 1380 2472; baseline 0.006 -17"><span class='ocrx_word' id='word_1_201' title='bbox 605 2420 659 2467; x_wconf 78' lang='lat'><strong>(2)</strong></span> <span class='ocrx_word' id='word_1_202' title='bbox 688 2421 945 2458; x_wconf 83' lang='lat' dir='ltr'><strong>L&#39;Odenwald.</strong></span> <span class='ocrx_word' id='word_1_203' title='bbox 968 2424 1064 2470; x_wconf 73' lang='lat' dir='ltr'><strong>Voy.</strong></span> <span class='ocrx_word' id='word_1_204' title='bbox 1085 2437 1122 2471; x_wconf 92' lang='lat' dir='ltr'><strong>p.</strong></span> <span class='ocrx_word' id='word_1_205' title='bbox 1141 2424 1222 2472; x_wconf 82' lang='lat'>379,</span> <span class='ocrx_word' id='word_1_206' title='bbox 1246 2433 1330 2460; x_wconf 86' lang='lat' dir='ltr'><strong>note</strong></span> <span class='ocrx_word' id='word_1_207' title='bbox 1353 2440 1380 2460; x_wconf 91' lang='lat'><strong>1.</strong></span> 
     </span>
    </p>
   </div>
   <div class='ocr_carea' id='block_1_5' title="bbox 561 2481 1975 2855">
    <p class='ocr_par' dir='ltr' id='par_1_5' title="bbox 565 2481 1975 2583">
     <span class='ocr_line' id='line_1_29' title="bbox 607 2481 1975 2536; baseline 0.003 -16"><span class='ocrx_word' id='word_1_208' title='bbox 607 2483 660 2528; x_wconf 81' lang='lat'><strong>(3)</strong></span> <span class='ocrx_word' id='word_1_209' title='bbox 686 2485 792 2521; x_wconf 80' lang='lat' dir='ltr'><strong>Cette</strong></span> <span class='ocrx_word' id='word_1_210' title='bbox 816 2481 960 2521; x_wconf 78' lang='lat' dir='ltr'><strong>mesure</strong></span> <span class='ocrx_word' id='word_1_211' title='bbox 979 2487 1174 2534; x_wconf 75' lang='lat' dir='ltr'><strong>equivalait</strong></span> <span class='ocrx_word' id='word_1_212' title='bbox 1191 2490 1210 2522; x_wconf 73' lang='grc' dir='ltr'><strong>ἐι</strong></span> <span class='ocrx_word' id='word_1_213' title='bbox 1233 2489 1323 2523; x_wconf 90' lang='lat' dir='ltr'><strong>trois</strong></span> <span class='ocrx_word' id='word_1_214' title='bbox 1340 2489 1468 2524; x_wconf 81' lang='lat' dir='ltr'><strong>milles.</strong></span> <span class='ocrx_word' id='word_1_215' title='bbox 1499 2490 1593 2536; x_wconf 74' lang='lat' dir='ltr'><strong>Voy.</strong></span> <span class='ocrx_word' id='word_1_216' title='bbox 1615 2490 1670 2524; x_wconf 93' lang='lat' dir='ltr'><strong>Du</strong></span> <span class='ocrx_word' id='word_1_217' title='bbox 1690 2488 1814 2536; x_wconf 85' lang='lat' dir='ltr'><strong>Gange</strong></span> <span class='ocrx_word' id='word_1_218' title='bbox 1832 2501 1876 2523; x_wconf 87' lang='lat' dir='ltr'><strong>au</strong></span> <span class='ocrx_word' id='word_1_219' title='bbox 1899 2496 1975 2524; x_wconf 87' lang='lat' dir='ltr'><strong>mot</strong></span> 
     </span>
     <span class='ocr_line' id='line_1_30' title="bbox 565 2547 694 2583; baseline 0 -2"><span class='ocrx_word' id='word_1_220' title='bbox 565 2547 694 2583; x_wconf 80' lang='lat' dir='ltr'><strong>Basta.</strong></span> 
     </span>
    </p>

    <p class='ocr_par' dir='ltr' id='par_1_6' title="bbox 609 2611 1761 2664">
     <span class='ocr_line' id='line_1_31' title="bbox 609 2611 1761 2664; baseline 0.004 -19"><span class='ocrx_word' id='word_1_221' title='bbox 609 2611 660 2656; x_wconf 74' lang='grc'><strong>(4)</strong></span> <span class='ocrx_word' id='word_1_222' title='bbox 686 2611 836 2659; x_wconf 87' lang='lat' dir='ltr'><strong>Depuis,</strong></span> <span class='ocrx_word' id='word_1_223' title='bbox 855 2612 1111 2660; x_wconf 84' lang='lat' dir='ltr'><strong>Seligenstadt.</strong></span> <span class='ocrx_word' id='word_1_224' title='bbox 1134 2615 1256 2662; x_wconf 81' lang='lat' dir='ltr'><strong>Voyez</strong></span> <span class='ocrx_word' id='word_1_225' title='bbox 1270 2616 1468 2657; x_wconf 80' lang='lat' dir='ltr'><strong>ci-dessus,</strong></span> <span class='ocrx_word' id='word_1_226' title='bbox 1490 2631 1526 2664; x_wconf 84' lang='lat' dir='ltr'><strong>p.</strong></span> <span class='ocrx_word' id='word_1_227' title='bbox 1545 2617 1604 2660; x_wconf 85' lang='lat'><strong>65,</strong></span> <span class='ocrx_word' id='word_1_228' title='bbox 1628 2624 1713 2652; x_wconf 88' lang='lat' dir='ltr'><strong>note</strong></span> <span class='ocrx_word' id='word_1_229' title='bbox 1735 2629 1761 2650; x_wconf 84' lang='lat'><strong>1.</strong></span> 
     </span>
    </p>

    <p class='ocr_par' dir='ltr' id='par_1_7' title="bbox 561 2673 1974 2855">
     <span class='ocr_line' id='line_1_32' title="bbox 608 2673 1974 2727; baseline 0.004 -20"><span class='ocrx_word' id='word_1_230' title='bbox 608 2673 659 2718; x_wconf 86' lang='lat'><strong>(5)</strong></span> <span class='ocrx_word' id='word_1_231' title='bbox 684 2673 731 2707; x_wconf 86' lang='lat' dir='ltr'><strong>Le</strong></span> <span class='ocrx_word' id='word_1_232' title='bbox 764 2686 848 2721; x_wconf 80' lang='lat' dir='ltr'><strong>pays</strong></span> <span class='ocrx_word' id='word_1_233' title='bbox 875 2674 924 2709; x_wconf 75' lang='lat' dir='ltr'><strong>(lu</strong></span> <span class='ocrx_word' id='word_1_234' title='bbox 954 2675 1073 2720; x_wconf 86' lang='lat' dir='ltr'><strong>Mein,</strong></span> <span class='ocrx_word' id='word_1_235' title='bbox 1108 2676 1223 2723; x_wconf 81' lang='lat' dir='ltr'><strong>grand</strong></span> <span class='ocrx_word' id='word_1_236' title='bbox 1252 2691 1354 2725; x_wconf 87' lang='lat' dir='ltr'><strong>pays,</strong></span> <span class='ocrx_word' id='word_1_237' title='bbox 1386 2692 1508 2726; x_wconf 76' lang='lat' dir='ltr'><strong>pagus</strong></span> <span class='ocrx_word' id='word_1_238' title='bbox 1536 2680 1663 2727; x_wconf 82' lang='lat' dir='ltr'><strong>major,</strong></span> <span class='ocrx_word' id='word_1_239' title='bbox 1700 2679 1746 2714; x_wconf 87' lang='lat' dir='ltr'><strong>de</strong></span> <span class='ocrx_word' id='word_1_240' title='bbox 1774 2678 1805 2713; x_wconf 83' lang='lat' dir='ltr'><strong>la</strong></span> <span class='ocrx_word' id='word_1_241' title='bbox 1837 2678 1974 2713; x_wconf 71' lang='lat' dir='ltr'><strong>Franco</strong></span> 
     </span>
     <span class='ocr_line' id='line_1_33' title="bbox 564 2737 1971 2790; baseline 0.004 -20"><span class='ocrx_word' id='word_1_242' title='bbox 564 2737 751 2780; x_wconf 78' lang='lat' dir='ltr'><strong>orientale,</strong></span> <span class='ocrx_word' id='word_1_243' title='bbox 781 2738 971 2774; x_wconf 79' lang='lat' dir='ltr'><strong>s&#39;ctendait</strong></span> <span class='ocrx_word' id='word_1_244' title='bbox 995 2739 1123 2787; x_wconf 81' lang='lat' dir='ltr'><strong>depuis</strong></span> <span class='ocrx_word' id='word_1_245' title='bbox 1149 2741 1350 2787; x_wconf 77' lang='lat' dir='ltr'><strong>Francsort,</strong></span> <span class='ocrx_word' id='word_1_246' title='bbox 1383 2756 1445 2778; x_wconf 83' lang='lat' dir='ltr'><strong>sur</strong></span> <span class='ocrx_word' id='word_1_247' title='bbox 1467 2743 1499 2778; x_wconf 85' lang='lat' dir='ltr'><strong>la</strong></span> <span class='ocrx_word' id='word_1_248' title='bbox 1522 2744 1596 2779; x_wconf 82' lang='lat' dir='ltr'><strong>rive</strong></span> <span class='ocrx_word' id='word_1_249' title='bbox 1620 2743 1759 2790; x_wconf 79' lang='lat' dir='ltr'><strong>gauche</strong></span> <span class='ocrx_word' id='word_1_250' title='bbox 1782 2742 1832 2777; x_wconf 89' lang='lat' dir='ltr'><strong>du</strong></span> <span class='ocrx_word' id='word_1_251' title='bbox 1850 2742 1971 2783; x_wconf 81' lang='lat' dir='ltr'><strong>Mein,</strong></span> 
     </span>
     <span class='ocr_line' id='line_1_34' title="bbox 561 2800 1973 2855; baseline 0.004 -20"><span class='ocrx_word' id='word_1_252' title='bbox 561 2800 701 2848; x_wconf 65' lang='lat' dir='ltr'><strong>jusqu’a</strong></span> <span class='ocrx_word' id='word_1_253' title='bbox 720 2801 752 2835; x_wconf 84' lang='lat' dir='ltr'><strong>la</strong></span> <span class='ocrx_word' id='word_1_254' title='bbox 772 2802 929 2839; x_wconf 77' lang='lat' dir='ltr'><strong>Tauber.</strong></span> <span class='ocrx_word' id='word_1_255' title='bbox 954 2804 983 2839; x_wconf 92' lang='lat' dir='ltr'><strong>Il</strong></span> <span class='ocrx_word' id='word_1_256' title='bbox 1001 2812 1055 2840; x_wconf 88' lang='lat' dir='ltr'><strong>est</strong></span> <span class='ocrx_word' id='word_1_257' title='bbox 1071 2805 1306 2851; x_wconf 78' lang='lat' dir='ltr'><strong>aujourd’hui</strong></span> <span class='ocrx_word' id='word_1_258' title='bbox 1327 2809 1484 2855; x_wconf 87' lang='lat' dir='ltr'><strong>compris</strong></span> <span class='ocrx_word' id='word_1_259' title='bbox 1503 2808 1591 2844; x_wconf 87' lang='lat' dir='ltr'><strong>dans</strong></span> <span class='ocrx_word' id='word_1_260' title='bbox 1607 2807 1640 2843; x_wconf 90' lang='lat' dir='ltr'><strong>le</strong></span> <span class='ocrx_word' id='word_1_261' title='bbox 1659 2808 1774 2855; x_wconf 84' lang='lat' dir='ltr'><strong>grand</strong></span> <span class='ocrx_word' id='word_1_262' title='bbox 1798 2806 1917 2842; x_wconf 79' lang='lat' dir='ltr'><strong>duche</strong></span> <span class='ocrx_word' id='word_1_263' title='bbox 1929 2805 1973 2840; x_wconf 88' lang='lat' dir='ltr'><strong>dc</strong></span> 
     </span>
    </p>
   </div>
  </div>
 </body>
</html>
