2105 3348
625 296 702 333 244
925 290 1165 329 HISTORIA
1197 289 1618 335 TRANSLATIONIS,
1653 304 1732 329 mc.

624 389 666 433 id
692 384 820 452 quod
837 382 1097 448 jubebatur
1129 382 1228 428 sine
1265 381 1356 427 ulla
1389 399 1633 427 morarum
1670 383 2033 446 interpositione

621 461 972 526 adimplendum
996 478 1091 507 esse
1105 460 1340 523 judicans,
1368 460 1463 523 ipsa
1481 458 1671 524 quidem
1693 461 1767 506 die
1784 477 1833 506 ea
1853 478 1960 524 quae
1979 461 2035 506 ad

622 543 709 586 hoc
746 538 999 584 necessaria
1036 536 1322 584 videbantur
1354 554 1621 600 praeparare
1648 537 1789 599 jussi3
1822 537 2033 600 sequenti

619 635 731 663 ver-o
750 633 898 661 sacras
918 615 1021 661 illas
1040 615 1262 680 reliquias
1280 615 1469 678 corpori
1491 650 1502 669 ,
1526 615 1582 660 de
1601 632 1698 678 quo
1722 626 1923 678 sumptae
1939 614 2038 661 fue-

614 704 748 748 rant,
793 710 902 739 cum
938 710 1119 738 summa
1163 692 1408 757 diligentia
1450 692 1630 738 sociare
1671 692 1848 738 curavi.
1899 691 2037 751 Quod

623 770 791 817 ‘'“actum
828 787 970 835 quam
1004 781 1190 834 gratum
1233 769 1512 816 beatissimis
1552 768 1845 834 Martyribus
1874 768 2000 817 soret
2023 805 2034 823 ‚

612 849 915 895 attestatione
939 848 1156 894 miraculi
1182 847 1512 913 subsequentis
1541 847 1724 912 liquido
1748 846 2040 910 comproba-

614 936 710 972 tur.
734 926 850 972 Nam
876 925 1094 989 proxima
1120 937 1289 982 nocte,
1317 943 1427 971 cum
1445 925 1501 971 ad
1521 927 1810 971 matutinum
1832 925 2039 971 officium

613 1008 662 1053 in
694 1006 881 1053 basilica
911 1006 1190 1053 solemniter
1213 1006 1505 1061 sederemus,
1534 1023 1673 1052 senex
1698 1005 1890 1070 quidam
1911 1023 2041 1070 gres—

613 1102 748 1130 suum
771 1085 927 1132 officio
947 1084 1223 1140 destitutus,
1243 1082 1540 1149 genibusque
1555 1102 1606 1129 ac
1627 1083 1846 1129 manibus
1862 1085 2038 1139 nitens,

612 1161 847 1226 reptando
881 1161 936 1207 ad
971 1161 1241 1208 orationem
1291 1161 1504 1206 intravit.
1547 1162 1588 1206 Is
1622 1178 1779 1206 coram
1818 1159 2041 1207 omnibus

611 1238 777 1295 nobis,
801 1257 884 1302 per
903 1239 1132 1285 virtutem
1152 1239 1235 1284 Dei
1258 1248 1304 1284 et
1328 1238 1493 1283 merita
1515 1236 1897 1285 beatissimorum
1917 1239 2041 1283 Mar-

613 1325 805 1379 tyrum,
844 1314 1003 1361 eadem
1046 1333 1137 1380 qua
1176 1315 1414 1379 ingressus
1452 1324 1521 1361 est
1560 1314 1674 1361 hora
1696 1351 1708 1371 ,
1747 1315 1808 1361 ita
1835 1314 2043 1379 perfecte

617 1403 806 1439 curatus
831 1402 925 1449 est,
954 1402 1008 1438 ut
1032 1392 1089 1438 ad
1122 1392 1436 1440 incedendum
1465 1411 1524 1438 ne
1544 1391 1698 1438 baculi
1724 1393 1916 1457 quidem
1940 1410 2044 1439 sus-

617 1471 883 1518 tentatione
908 1470 1110 1517 ulterius
1148 1469 1397 1534 indigeret.
1431 1471 1523 1530 Qui
1552 1471 1693 1517 etiam
1714 1481 1760 1517 et
1778 1471 1973 1517 surdum
1998 1489 2044 1518 se

619 1565 704 1612 per
733 1550 1017 1595 continuum
1046 1548 1432 1613 quinquennium
1463 1548 1630 1603 fuisse,
1665 1548 1900 1613 simulque
1934 1565 2044 1594 cum

619 1625 775 1672 officio
799 1623 971 1688 pedum
999 1624 1217 1670 auditum
1255 1623 1343 1670 sibi
1379 1623 1618 1670 redditum
1655 1623 1930 1670 affirmabat.
1963 1626 2046 1670 His

621 1703 682 1748 ita
711 1703 938 1766 peractis,
968 1701 1025 1747 ad
1051 1703 1359 1758 comitatum,
1388 1704 1509 1748 sicut
1536 1703 1751 1766 superius
1786 1720 1861 1748 me
1890 1702 2046 1751 facere

626 1780 826 1826 voluisse
846 1779 1014 1835 retuli,
1040 1778 1214 1826 ibidem
1236 1779 1530 1825 hiematurus
1546 1816 1556 1835 ,
1586 1781 1735 1825 multa
1756 1798 1944 1827 mecum
1971 1800 2044 1829 re·

626 1858 843 1922 putando
870 1858 1112 1920 profectus
1137 1875 1258 1903 sum,

1203 2263 1368 2303 CAPUT
1399 2264 1470 2302 IV.

631 2382 817 2420 Miracula
838 2382 877 2417 in
897 2378 1019 2417 surdis
1036 2387 1072 2416 et
1088 2380 1217 2427 mutis,
1241 2382 1443 2418 contractis
1463 2381 1591 2418 etaliis
1604 2383 1727 2434 aegris,
1744 2383 1971 2423 Mulinheim
1989 2401 2051 2438 pa-

685 2458 796 2486 trata.
813 2470 865 2477 -
879 2446 1046 2484 Cervisia
1061 2446 1098 2483 in
1113 2448 1243 2484 vinum
1257 2456 1415 2487 mutata.
1434 2471 1480 2476 ——-
1498 2448 1635 2486 Cereus
1651 2450 1752 2488 ultro
1764 2467 1958 2491 accensus.

697 2559 774 2604 34.
801 2557 875 2620 (α)
891 2556 1167 2619 Scripturus
1186 2556 1389 2602 virtutes
1408 2566 1550 2621 atque
1568 2558 1812 2615 miracula,
1828 2578 1936 2625 quae
1949 2561 2051 2609 bea-

632 2634 796 2680 tissimi
817 2642 1051 2697 martyres
1072 2630 1246 2678 Christi
1264 2667 1277 2688 ,
1312 2633 1616 2680 Marcellinus
1639 2646 1687 2681 et
1708 2637 1896 2691 Petrus,
1921 2650 2048 2702 post-

675 2799 724 2841 (ιι)
743 2797 812 2830 Hic
834 2796 962 2841 incipit
982 2795 1074 2830 liber
1097 2808 1137 2828 111
1159 2796 1192 2829 in
1215 2795 1376 2831 editione
1397 2797 1562 2832 Sui-iana.
