2105 3348
510 270 559 305 78
932 256 1184 296 EINHARDI
1214 253 1484 293 EPISTOLAE.

510 361 599 408 pro
621 341 755 388 vobis
777 336 900 401 apud
922 336 1073 382 Deum
1108 333 1398 381 intercedere
1427 331 1628 380 debeant
1647 334 1748 398 (1),
1769 334 1805 379 si
1830 350 1912 381 eo—

510 439 617 467 rum
651 416 895 464 servitium
929 423 1085 460 vestro
1113 413 1306 460 servitio
1329 412 1399 475 (2)
1433 421 1720 476 anteponere
1742 411 1912 459 volue-

511 499 631 544 ritis.
654 494 773 540 Nam
797 507 882 554 ego
903 491 952 536 in
971 490 1106 538 nullo
1125 489 1218 537 alio
1241 489 1348 536 loco
1371 489 1505 554 regni
1524 490 1666 536 vestri
1687 491 1916 553 majorem

512 572 778 638 profectum
806 568 942 616 vobis
975 568 1129 615 facere
1161 585 1379 633 possum,
1407 585 1551 632 quam
1575 566 1672 624 ibi,
1700 567 1735 612 si
1763 585 1837 614 me
1860 566 1917 613 ad

515 651 601 696 hoc
620 647 837 711 adjuvare
856 645 1119 693 volueritis.

884 800 1029 839 XLIII.
1061 801 1127 839 AD
1156 802 1204 840 N.
1239 800 1543 840 EPISCOPUM.

576 910 785 957 Domino
811 917 974 955 sancto
999 919 1046 954 et
1069 908 1243 954 merito
1267 905 1522 954 venerabili
1550 907 1609 953 N.
1635 907 1924 955 reverentis-

513 988 633 1035 simo
659 987 879 1051 episcopo
895 1021 909 1042 ,
938 984 1207 1031 Einhardus
1245 994 1478 1048 peccator.
1503 1013 1568 1021 ——-
1591 984 1924 1048 Omnipotenti

517 1066 616 1113 Deo
655 1075 702 1112 et
736 1063 943 1111 Domino
987 1072 1156 1110 nostro
1193 1062 1302 1109 Jesu
1332 1061 1523 1110 Christo
1558 1073 1756 1127 quantas
1792 1061 1926 1108 valeo

514 1142 684 1207 gratias
710 1158 844 1206 agere
868 1158 966 1187 non
991 1157 1119 1187 cesso
1134 1176 1147 1197 ,
1171 1140 1279 1204 quia
1303 1139 1696 1204 gloriosissimum
1715 1149 1762 1186 et
1779 1156 1803 1184 a
1827 1139 1928 1186 Deo

516 1228 869 1273 conservatum,
906 1216 1238 1281 semper[que]
1272 1216 1650 1263 conservandum
1678 1216 1929 1263 dominum

516 1313 676 1343 meum
691 1295 961 1342 Hlotarium
982 1295 1052 1358 (3)
1077 1304 1326 1358 augustum
1352 1293 1531 1339 salvum
1549 1305 1596 1340 et
1619 1293 1926 1347 ineolumem,

517 1391 569 1419 ac
593 1383 655 1428 te,
675 1371 793 1418 mihi
814 1372 1126 1431 carissimum,
1148 1389 1240 1417 una
1265 1389 1373 1418 cum
1397 1371 1498 1429 illo,
1524 1370 1581 1419 de
1604 1371 1734 1417 Italia
1751 1370 1932 1418 venisse

517 1451 719 1515 cognovi
743 1469 754 1495 ε
779 1460 825 1496 et
845 1461 962 1513 opto
993 1460 1136 1514 atque
1159 1466 1247 1496 oro
1277 1459 1332 1495 ut
1358 1449 1436 1496 ille
1458 1467 1534 1496 me
1557 1450 1654 1496 cito
1686 1449 1932 1513 permittat

520 1529 603 1575 illo
622 1528 802 1584 venire,
824 1527 907 1573 ubi
926 1537 1079 1574 vestra
1100 1527 1336 1590 corporali
1360 1527 1610 1590 praesentia
1633 1526 1813 1590 perfrui
1832 1543 1933 1573 me-

518 1623 640 1653 rear.
659 1606 839 1651 Tamen
859 1604 1052 1651 interim
1075 1605 1355 1668 parvitatem
1378 1621 1532 1651 meam
1549 1614 1644 1650 tuae
1664 1604 1868 1660 caritati,
1882 1620 1934 1649 ac

520 1701 605 1747 per
613 1692 658 1728 te
671 1681 793 1727 illius
807 1681 989 1746 pietati,
1006 1682 1308 1742 commendo,
1322 1699 1375 1728 ac
1387 1681 1618 1746 deprecor
1629 1693 1681 1728 ut
1692 1700 1746 1728 ex
1757 1681 1935 1727 nullius

520 1760 823 1825 persuasione
837 1760 1015 1806 sinistri
1034 1760 1212 1826 aliquid
1226 1759 1283 1807 de
1302 1778 1402 1807 mea
1428 1760 1690 1825 pusillitate
1709 1760 1933 1824 suspicari

522 1838 805 1904 dignemini.
821 1839 992 1885 Testor
1015 1839 1166 1885 Deum
1187 1849 1233 1885 et
1254 1850 1440 1886 sanctos
1462 1850 1696 1904 martyres
1707 1837 1936 1885 Marcelli-

524 1934 642 1962 num
669 1933 721 1961 ac
745 1917 967 1972 Petrum,
999 1915 1128 1980 quod
1162 1934 1373 1964 amorem
1405 1927 1452 1964 et
1483 1916 1814 1972 devotionem,
1843 1933 1936 1980 qua

526 2011 633 2058 erga
651 2011 734 2041 vos
757 1994 977 2040 affectum
997 1994 1066 2057 (4)
1087 2012 1162 2041 me
1180 2012 1275 2041 esse
1293 1995 1409 2050 scio,
1433 1993 1589 2041 verbis
1610 1994 1679 2058 (5)
1704 1992 1937 2056 explicare

528 2089 628 2118 non
651 2072 800 2119 valeo.
829 2072 893 2117 Et
921 2071 1026 2118 ideo
1050 2071 1331 2120 fiducialiter
1355 2083 1469 2136 peto
1491 2082 1572 2129 ut,
1606 2089 1713 2118 cum
1739 2087 1933 2126 venero,

531 2147 642 2194 tales
670 2165 754 2194 vos
791 2165 895 2212 erga
933 2165 1009 2195 me
1046 2148 1261 2196 invenire
1298 2167 1503 2206 merear,
1530 2149 1736 2214 qualiter
1770 2166 1846 2195 me
1881 2147 1938 2194 de

532 2225 665 2271 vobis
689 2226 913 2271 meritum
933 2244 1028 2273 esse
1049 2244 1149 2274 non
1171 2227 1357 2275 dubito.
1378 2228 1504 2293 Opto
1522 2227 1818 2274 sanctitatem
1842 2243 1939 2272 ves-

581 2488 634 2529 (1)
659 2484 751 2520 Cod.
771 2485 948 2519 elaebeanl.

581 2551 631 2596 (2)
657 2550 745 2587 Cotl.
766 2557 888 2585 vestre
908 2554 1074 2585 servatio.

583 2618 632 2664 (5)
658 2619 751 2655 Cod.
767 2627 909 2655 tantum
928 2620 1038 2654 habet
1056 2620 1117 2653 HJ.

585 2688 635 2731 (4)
659 2687 750 2721 Cod.
771 2687 956 2735 qfflctam.

590 2754 635 2797 ’.3)
661 2756 717 2788 Sic
734 2755 844 2789 codex
860 2771 867 2795 3
885 2755 972 2789 Pdlfi
993 2757 1095 2789 voln'x
