2105 3348
579 275 656 314 262
882 275 1127 312 HISTORIA
1156 273 1503 312 TRANSLATION
1512 275 1554 312 IS
1566 304 1575 321 ,
1608 289 1685 314 Ere.

582 352 893 401 trementibus
922 352 1177 410 membria,
1213 352 1476 418 baculoque
1503 354 1687 409 nitens,
1729 353 1986 400 titubantia

581 431 770 494 vestigia
805 447 929 493 aegre
949 429 1265 494 gubernabat.
1290 431 1506 494 Cumque
1530 447 1576 477 se
1594 432 1724 493 juxta
1762 431 1988 494 parietem

580 508 635 554 ad
650 508 883 555 orandum
898 509 1175 565 inclinaret,
1200 510 1381 574 ingenti
1400 525 1514 555 voce
1527 510 1690 555 emissa
1703 544 1715 565 ,
1735 509 1990 572 repentino

579 604 684 633 casu
700 604 902 634 cernuus
921 588 1044 643 ruit;
1065 605 1117 634 ac
1132 606 1270 652 parva
1289 588 1517 651 temporis
1535 604 1666 634 mora
1688 586 1987 650 interposita,

579 663 636 709 ab
669 682 725 712 eo
749 683 847 730 quo
873 665 1125 713 tenebatur
1156 666 1464 714 incommodo
1491 682 1631 712 sanus
1660 665 1884 712 surrexit.
1922 665 1987 720 Is,

580 760 688 788 cum
709 742 769 789 ab
795 761 850 790 eo
874 762 1196 809 quaereremus
1223 745 1258 790 si
1281 744 1408 790 aliud
1432 744 1637 809 aliquid,
1664 753 1840 807 praeter
1862 741 1991 807 quod

579 838 667 868 nos
707 837 871 869 omnes
905 822 1064 869 videre
1103 823 1371 886 potuimus,
1417 820 1504 867 sibi
1546 822 1699 867 visum
1738 820 1903 867 fuisset
1942 837 1991 867 ea

579 896 719 955 liora,
764 916 854 964 qua
892 899 1088 946 salutem
1126 911 1195 946 est
1239 910 1549 954 consecutuS,
1583 898 1730 953 dixit,
1774 915 1820 944 se
1850 896 1993 961 paulo

579 985 689 1022 ante
715 993 857 1040 quam
888 975 1127 1022 basilicam
1170 977 1334 1023 suisset
1368 977 1633 1041 ingressus,
1666 975 1723 1021 ad
1752 974 1995 1022 ecclesiam

579 1065 788 1102 veterem
801 1083 866 1091 ——
883 1073 990 1119 quae
1010 1055 1307 1103 occidentem
1330 1073 1490 1102 versus
1513 1072 1536 1100 a
1556 1072 1677 1101 nova
1694 1053 1883 1100 basilica
1899 1090 1910 1109 ,
1945 1055 1994 1099 in

579 1151 671 1199 qua
682 1134 914 1198 Martyres
931 1144 1046 1179 tunc
1061 1133 1382 1198 quiescebant,
1397 1150 1545 1196 parvo
1555 1132 1706 1196 spatio
1726 1131 1996 1179 distabat-

580 1213 745 1259 orandi
769 1213 917 1276 gratia
934 1212 1113 1258 venisse
1128 1248 1138 1267 ‚
1161 1222 1206 1258 et
1228 1229 1336 1257 cum
1356 1229 1456 1257 eam
1480 1211 1683 1257 clausam
1702 1211 1992 1268 offendisset,

579 1307 670 1354 pro
702 1289 887 1336 foribus
922 1307 1092 1336 orasse.
1135 1289 1314 1336 Deinde
1348 1306 1458 1335 cum
1488 1306 1534 1335 se
1574 1289 1821 1345 erexisset,
1864 1298 1911 1336 et
1940 1289 1995 1335 ad

580 1368 821 1415 ecclesiam
857 1369 924 1414 ire
967 1367 1213 1431 coepisset,
1254 1367 1421 1414 vidisse
1453 1366 1705 1432 quemdam
1742 1367 1993 1423 clericum,

581 1445 845 1493 veneranda
863 1446 1034 1492 canitie
1051 1482 1062 1502 ,
1087 1445 1205 1492 stola
1230 1444 1333 1491 alba
1360 1445 1584 1491 indutum
1599 1482 1612 1503 ,
1641 1462 1697 1492 eo
1717 1463 1816 1511 quo
1836 1455 1882 1491 et
1901 1445 1998 1508 ipse

584 1526 651 1571 irc
684 1523 875 1571 volebat
897 1542 944 1570 se
969 1523 1335 1588 praecedentem,
1374 1523 1527 1583 Quem
1543 1559 1554 1577 ‚
1593 1533 1647 1568 ut
1673 1523 1770 1587 ipse
1802 1523 1965 1570 asserit
1981 1558 1994 1579 ,

583 1613 768 1650 secutus
791 1612 861 1649 est
888 1619 1037 1664 usque
1060 1600 1117 1648 ad
1142 1601 1318 1648 ostium
1342 1601 1565 1647 basilicae.
1593 1601 1701 1661 Quo
1727 1618 1838 1646 cum
1857 1599 1998 1648 ambo

583 1682 849 1737 venissent,
880 1680 915 1726 is
940 1679 1022 1743 qui
1053 1678 1351 1743 praecedebat
1377 1677 1619 1734 substitit,
1647 1678 1842 1724 sinistro
1874 1678 1997 1741 posti

582 1778 628 1806 se
664 1758 929 1823 applicans,
956 1757 1087 1822 quasi
1113 1757 1253 1804 vellet
1293 1767 1348 1803 ut
1383 1757 1462 1803 ille
1487 1757 1616 1820 prius
1640 1755 1995 1821 ingrederetur,

582 1855 726 1903 quem
763 1837 859 1900 ipse
887 1835 1030 1900 paulo
1053 1846 1162 1882 ante
1192 1845 1495 1899 praecesserat
1523 1856 1532 1881 2
1570 1835 1912 1899 cunctantique
1944 1844 1999 1879 ut

584 1927 692 1964 ante
726 1934 772 1963 se
812 1915 1043 1970 intraret,
1071 1914 1328 1961 annuendo
1355 1913 1623 1977 imperavit.
1657 1913 1749 1974 Qui
1779 1930 1887 1959 cum
1919 1912 1996 1957 in-

582 2005 747 2042 trasset
771 2006 817 2041 et
841 1993 897 2040 ad
922 1992 1155 2041 orandum
1181 2011 1228 2040 se
1247 1993 1536 2049 inclinasset,
1558 2003 1666 2057 post
1685 2003 1874 2057 tergum
1899 1992 1996 2054 ejus

582 2073 728 2126 stetit,
758 2081 804 2118 et
828 2087 936 2116 cum
964 2087 1124 2134 pugno
1147 2071 1194 2116 in
1216 2071 1447 2118 cervicem
1466 2070 1697 2134 percussit
1719 2080 1861 2134 atque
1889 2084 1998 2131 pro-

583 2149 783 2203 stravit,
830 2158 876 2194 ct
914 2147 1166 2194 confestim
1212 2148 1421 2194 evanuit.
1471 2147 1625 2207 Quem
1663 2158 1820 2193 tamen
1855 2161 1998 2191 nemo

585 2226 701 2272 alius
719 2260 730 2280 ‚
756 2224 844 2269 nisi
865 2223 991 2268 solus
1012 2223 1089 2269 ille
1111 2225 1190 2287 qui
1221 2235 1406 2270 sanatus
1427 2235 1512 2280 cst,
1538 2224 1697 2270 videre
1719 2222 1896 2286 potuit.

648 2611 726 2656 41.
766 2605 865 2654 Sub
902 2605 1024 2652 idem
1064 2605 1162 2651 fere
1208 2614 1393 2667 tempus
1408 2639 1421 2660 ,
1470 2620 1578 2649 cum
1620 2602 1819 2667 quadam
1857 2612 1998 2651 nocte

582 2696 849 2753 surgentes,
864 2685 918 2731 ml
941 2685 1182 2732 ecclesiam
1203 2684 1398 2739 iremus,
1425 2682 1693 2729 invenimus
1712 2700 1799 2746 pro
1814 2681 1997 2729 foribus

584 2766 789 2814 ecclesiae
807 2763 1058 2829 quemdam
1081 2780 1298 2827 puerum,
1322 2762 1368 2808 in
1392 2762 1582 2826 porticu
1597 2762 1858 2824 jacentem,
1883 2759 1997 2808 adeo
