2105 3348
624 264 701 302 254
915 259 1158 298 HISTORIA
1189 258 1614 304 TRANSLA'I'IONIS,
1645 273 1725 297 Ere.

622 353 784 407 pectus
809 350 854 386 ct
879 349 1043 386 venter
1060 374 1072 395 ‚
1103 348 1148 384 et
1176 355 1321 403 usque
1351 337 1407 383 ad
1433 347 1610 384 vestem
1633 355 1722 402 qua
1749 339 1941 403 inguina
1965 348 2034 386 te-

621 419 878 483 gebantur,
917 416 1000 462 hac
1031 426 1148 462 esset
1178 414 1517 462 exuberatione
1548 415 1751 479 perfusa.
1789 416 1881 475 Qui
1927 435 2033 463 cum

620 498 753 543 allata
775 512 890 559 aqua
910 493 1074 540 fuisset
1099 493 1414 552 refocillatus,
1435 493 1689 557 resumptis
1706 493 1890 540 viribus
1913 494 2035 540 clare

622 576 803 620 locutus
840 583 924 619 est.
954 572 1074 618 Nam
1109 572 1415 636 postmodum
1453 589 1474 616 a
1515 571 1654 618 nobis
1689 572 2033 635 interrogatus,

622 661 813 697 testatus
837 659 904 696 est
924 667 970 696 se
992 649 1050 695 ab
1078 649 1275 696 infantia
1303 667 1380 695 sua
1408 666 1556 713 usque
1578 649 1623 694 in
1649 666 1857 712 praesens
1883 666 2036 713 neque

618 728 779 773 audire
807 726 1014 791 aliquid,
1045 744 1132 772 nec
1162 726 1293 790 loqui
1327 727 1554 790 potuisse.
1591 726 1796 771 Patriam
1825 725 1913 771 sibi
1942 742 2037 772 esse

619 805 934 860 Britanniam,
948 823 994 852 se
1008 805 1203 853 natione
1215 804 1442 869 Anglum;
1461 814 1662 850 matrem
1676 821 1806 849 suam
1819 803 2034 849 visitandi

619 887 793 948 gratia,
830 901 938 948 quae
976 885 1141 930 Romae
1175 883 1586 948 peregrinaretur,
1621 883 1709 928 iter
1750 882 2033 945 arripuisse,

618 973 759 1026 atque
795 963 856 1007 ita
889 962 1013 1008 inter
1038 973 1235 1008 caeteros
1271 961 1572 1024 peregrinos,
1600 960 1682 1026 qui
1712 977 1806 1006 una
1837 961 2038 1006 Romam

619 1041 687 1086 ire
719 1038 965 1095 volebant,
993 1040 1041 1085 in
1070 1039 1205 1085 illum
1240 1039 1400 1086 locum
1431 1040 1723 1103 pervenisse,
1759 1037 1837 1085 sed
1857 1074 1868 1094 ‚
1898 1039 2038 1085 sociis

618 1119 710 1164 suis
735 1117 1048 1173 abeuntibus,
1089 1135 1135 1163 se
1162 1116 1448 1172 substitisse3
1478 1117 1727 1180 ipsumque
1750 1116 1898 1170 diem,
1940 1133 2038 1180 quo

619 1211 757 1240 sanus
778 1193 928 1239 factus
953 1203 1044 1250 est,
1064 1194 1320 1257 septimum
1340 1211 1436 1239 esse
1457 1211 1511 1238 ex
1531 1210 1628 1256 quo
1651 1193 1698 1238 in
1724 1192 1883 1238 locum
1904 1192 2038 1238 illum

619 1280 823 1317 venerat.
850 1270 1065 1333 Cumque
1083 1269 1141 1315 ab
1165 1287 1220 1316 eo
1246 1287 1425 1317 nomen
1446 1270 1543 1333 ejus
1568 1286 1916 1334 quaereremus,
1937 1287 2039 1316 res-

620 1347 792 1413 pondit
823 1366 869 1395 se
888 1364 1067 1394 nomen
1089 1365 1225 1393 suum
1245 1348 1438 1411 penitus
1460 1348 1678 1411 ignorare
1692 1382 1705 1403 ,
1723 1363 1813 1411 pro
1834 1364 1889 1393 eo
1908 1347 2039 1412 quod

620 1446 674 1474 ex
702 1438 944 1491 tempore,
971 1443 1067 1491 quo
1086 1425 1363 1482 obsurduit,
1408 1443 1655 1490 nunquam
1684 1441 1861 1471 nomen
1901 1443 2038 1471 suum

617 1505 834 1551 audierit.

683 1739 759 1784 38.
795 1736 917 1782 Exin
949 1749 1056 1800 post
1093 1736 1275 1802 aliquot
1295 1735 1419 1793 dies,
1454 1754 1561 1782 cum
1594 1754 1728 1783 more
1753 1737 1953 1783 solemni
1981 1739 2039 1784 ad.

617 1814 940 1877 vespertinum
965 1814 1172 1860 officium
1194 1815 1241 1859 in
1260 1815 1450 1861 ecclesia
1469 1813 1719 1861 fuissemus
1735 1816 2033 1880 congregati,

616 1892 771 1955 puella
796 1890 1014 1956 quaedam
1042 1890 1178 1938 surda
1205 1902 1251 1938 et
1283 1903 1409 1937 muta
1428 1928 1438 1947 ‚
1468 1909 1612 1957 quam
1636 1891 1693 1938 de
1715 1910 1836 1957 pago
1861 1892 2038 1938 Bituri-

614 1985 729 2031 gum
744 1980 878 2032 pater
903 1970 1000 2030 ejus
1019 1986 1072 2014 ac
1086 1967 1260 2023 frater,
1275 1968 1473 2015 salutem
1496 1968 1742 2033 quaerendi
1765 1970 1931 2033 gratia,
1953 1986 2038 2033 per

614 2046 762 2091 multa
781 2058 1055 2094 sanctorum
1078 2047 1179 2094 loca
1203 2049 1443 2094 trahentes
1459 2084 1471 2103 ,
1491 2048 1682 2095 tandem
1700 2047 1813 2094 illuc
1831 2048 2038 2111 perduc-

616 2135 711 2170 tam
751 2126 877 2172 inter
913 2136 1110 2172 caeteros
1150 2126 1197 2172 in
1233 2126 1395 2173 cadem
1419 2126 1609 2173 ecclesia
1641 2136 1764 2172 stare
1791 2126 2033 2182 fecerunt,

613 2199 774 2247 subito
792 2202 921 2248 velut
940 2203 1118 2248 insania
1139 2202 1340 2267 quadam
1360 2204 1556 2250 excitata
1570 2238 1582 2259 ,
1621 2202 1800 2248 tabulas
1833 2220 2036 2267 quarum

614 2279 796 2341 crepitu
823 2278 880 2324 ad
914 2280 1266 2345 eleemosynam
1297 2280 1550 2344 petendam
1583 2279 1831 2337 utebalur,
1860 2292 2035 2346 quanta

612 2355 771 2417 potuit
813 2355 990 2401 virtute
1025 2357 1293 2412 concussit,
1334 2367 1475 2421 atque
1509 2357 1552 2402 in
1584 2357 1817 2420 populum
1848 2369 1958 2404 ante
1989 2375 2035 2405 se

610 2433 928 2494 constitutum
966 2433 1227 2480 furibunda
1262 2436 1480 2499 projecit.
1524 2436 1650 2481 Tum
1687 2435 1745 2482 ad
1787 2437 2035 2482 sinistrum

609 2511 815 2558 ecclesiae
839 2512 1069 2575 parietem
1095 2529 1345 2559 accurrens
1361 2550 1371 2568 ‚
1397 2513 1528 2560 velut
1554 2514 1601 2559 in
1628 2513 1847 2561 eumdem
1868 2531 2034 2561 ascen-

608 2606 713 2633 sura
729 2624 742 2644 ,
772 2588 919 2633 trium
937 2588 1010 2635 vel
1037 2606 1093 2635 eo
1111 2589 1314 2653 amplius
1333 2591 1505 2653 pedum
1526 2593 1647 2636 saltu
1666 2592 1711 2637 in
1733 2591 1880 2637 altum
1900 2591 2029 2646 dato,

609 2665 776 2728 supina
806 2665 1017 2721 corruit3
1052 2676 1125 2722 ct,
1150 2683 1258 2711 cum
1286 2665 1349 2712 ibi
1377 2667 1623 2731 paululum
1654 2678 1849 2715 mortuo
1873 2668 2033 2732 potius

607 2759 744 2805 quam
784 2741 1043 2789 dormienti
1081 2743 1283 2790 similior
1310 2745 1560 2806 jacuisset,
1597 2756 1738 2809 atque
1776 2745 2028 2808 eruptione
