2105 3348
565 310 643 347 370
865 298 1104 339 HISTORIA
1134 294 1553 342 TRANSLATIONIS,
1584 308 1662 333 mc.

568 386 691 453 quod
706 399 787 447 per
806 382 1030 426 virtutem
1042 377 1214 423 Christi
1231 385 1275 423 et
1294 375 1459 422 merita
1476 384 1736 438 martyrum
1750 392 1960 435 suorum,

568 462 769 528 perfidus
786 474 1022 523 possessor
1041 457 1136 519 ejus
1162 455 1259 500 cito
1282 452 1408 500 soret
1437 453 1666 498 exiturus.
1697 452 1860 516 Neque
1878 470 1963 501 nos

566 557 665 603 spes
688 547 848 583 nostra
873 533 1056 581 fefellit.
1084 532 1203 579 Nam
1239 541 1347 595 post
1377 529 1688 577 refectionem
1722 528 1779 575 ad
1813 531 1965 577 eccle-

566 619 679 663 siam
695 613 910 678 regressi,
934 621 1096 658 exacto
1113 609 1370 668 daemonio,
1393 625 1552 654 sanam
1573 607 1701 654 illam
1718 617 1765 653 et
1782 607 1967 654 incolu-

566 712 715 750 mem,
738 710 789 738 ac
814 709 897 755 per
925 689 1082 736 omnia
1108 688 1280 734 mentis
1304 704 1399 732 suae
1425 695 1726 749 compotem,
1752 694 1893 750 atque
1919 685 1966 731 in

566 772 648 817 Dei
680 767 895 815 laudibus
925 767 1215 813 exultantem
1252 764 1535 811 invenimus.
1570 764 1634 809 Et
1659 762 1749 809 hoc
1777 762 1966 827 quidem

567 849 753 912 signum
800 847 846 890 iu
888 844 1091 890 adventu
1141 842 1450 907 reliquiarum
1498 840 1748 887 beatorum
1793 838 1966 885 Christi

565 935 833 989 martyrum
860 921 990 969 Proti
1023 931 1069 967 et
1100 919 1376 984 Hyacinthi,
1400 921 1533 983 juxta
1562 918 1757 964 modum
1783 935 1807 962 a
1832 916 1970 964 nobis

566 999 978 1065 comprehensum,
999 1008 1183 1044 constat
1201 1013 1296 1043 esse
1310 996 1602 1060 completum
1624 1015 1633 1041 :
1652 994 1768 1041 illud
1791 1004 1965 1049 autem,

565 1078 693 1145 quod
718 1087 879 1124 sancto
906 1076 1115 1124 Hermeti
1136 1074 1437 1130 adscribitur,
1461 1090 1558 1138 quo
1589 1074 1650 1119 sit
1676 1071 1844 1119 ordine
1864 1087 1971 1136 ges-

571 1169 669 1203 tum
686 1192 697 1212 ,
718 1155 938 1219 praesenti
967 1153 1238 1200 narratione
1262 1150 1473 1198 clarebite

633 2010 711 2057 93.
733 2006 932 2055 Colonia
953 2005 1233 2070 metropolis
1252 2014 1320 2052 est
1338 2005 1386 2050 in
1406 2002 1582 2050 finibus
1605 2003 1944 2051 Ribuariorum
1959 2040 1972 2062 ‚

569 2105 708 2152 super
729 2088 946 2133 Hrenum
975 2085 1143 2148 posita.
1178 2084 1252 2130 Ex
1288 2100 1380 2148 qua
1407 2082 1582 2128 femina
1606 2080 1823 2146 quaedam
1846 2089 1975 2137 erat,

571 2184 595 2211 a
626 2163 819 2211 renibus
853 2163 1074 2211 deorsum
1105 2162 1287 2208 dintina
1322 2178 1580 2208 nervorum
1611 2159 1901 2206 distensione
1926 2158 1975 2204 in

574 2251 758 2287 tantum
781 2239 1047 2297 debilitata,
1076 2249 1153 2294 ut,
1187 2248 1359 2303 negato
1383 2236 1472 2284 sibi
1499 2254 1693 2283 crurum
1718 2253 1769 2282 ac
1801 2234 1977 2299 pedum

572 2318 751 2375 officio,
772 2334 870 2364 nou
897 2316 1032 2362 aliter
1048 2333 1190 2380 quam
1211 2315 1373 2362 sedens
1387 2349 1400 2371 ,
1423 2312 1653 2377 porrectis
1669 2313 1718 2358 in
1739 2312 1975 2358 anteriora

572 2393 788 2458 pedihus,
805 2409 855 2438 ac
875 2391 1095 2437 manibus
1124 2392 1171 2437 in
1194 2401 1366 2437 terram
1393 2390 1557 2454 positis
1585 2390 1813 2445 innitens,
1837 2404 1977 2453 seque

571 2471 662 2518 hoe
687 2468 831 2517 modo
853 2481 1139 2532 promovens
1155 2503 1168 2524 ,
1198 2469 1349 2514 vicem
1378 2465 1649 2513 ambulandi
1673 2465 1861 2529 explere
1883 2481 1976 2528 po—

573 2547 752 2593 tuisset.
776 2546 912 2602 Haec,
937 2544 1106 2591 auditis
1132 2544 1372 2591 miraculis
1389 2553 1531 2609 atque
1555 2539 1813 2589 virtutibus
1827 2577 1841 2598 ,
1863 2557 1977 2606 quas

572 2623 804 2670 Dominus
834 2639 918 2685 per
950 2630 1135 2668 sanctos
1158 2631 1390 2686 martyres
1418 2637 1544 2678 suos,
1569 2618 1901 2666 Marcellinum
1930 2628 1977 2664 et

572 2701 793 2756 Pet-rum,
838 2699 887 2744 in
926 2698 1170 2745 curatione
1206 2697 1509 2745 infirmorum
1544 2707 1686 2761 atque
1718 2693 1973 2749 debilium,

572 2785 790 2839 operatus
817 2784 911 2835 est,
940 2775 995 2822 ad
1024 2775 1262 2822 basilicam
1294 2791 1462 2823 eorum
1492 2774 1654 2821 venire
1680 2772 1899 2836 gestivit:
1928 2779 1975 2816 et
