2105 3348
630 275 708 314 334
928 270 1169 309 HISTORIA
1199 268 1620 317 TRANSLATIONIS‚
1649 284 1728 310 mc.

630 356 770 402 tertio
805 352 989 398 decimo
1016 348 1236 396 kalendas
1261 349 1389 412 julii.
1413 376 1478 385 —
1501 349 1641 409 Quod
1671 368 1696 396 a
1720 367 1795 398 me
1819 352 2030 416 superius

626 430 810 495 plenius
829 438 898 476 est
913 437 1202 484 enarratum,
1233 427 1344 491 quia
1362 443 1450 490 ego
1469 426 1585 472 illud
1597 429 1731 490 juxta
1748 427 2031 477 relationem

627 505 874 554 memorati
902 505 1094 569 Georgii
1121 502 1421 551 conscribere
1444 505 1620 550 curavi.

689 585 767 630 70.
796 581 1032 628 Diaconus
1070 591 1229 627 autem
1264 597 1373 626 cum
1411 580 1624 645 1¹eliquiis
1661 581 1799 627 tertia
1837 580 1911 628 die
1941 581 2032 629 Va-

626 660 852 707 lentianas
893 659 1111 715 veniens,
1156 675 1263 704 cum
1297 675 1370 704 eas
1405 659 1454 704 in
1493 657 1730 703 basilicam
1764 657 1812 704 S.
1857 657 2028 711 Salvii,

623 738 746 784 sicut
775 737 816 783 ei
848 736 1001 782 fuerat
1035 736 1342 799 imperatum,
1374 745 1646 782 reverenter
1681 745 1728 782 et
1767 733 2031 782 honorifice

623 814 852 871 inferret,
885 812 1077 878 quidam
1102 813 1289 876 juvenis
1320 811 1377 859 de
1409 812 1519 859 villa
1554 813 1674 877 regis
1713 830 1822 877 quae
1849 813 2029 859 Listina

622 904 837 949 vocatur,
881 890 1160 938 Dominicus
1194 890 1417 946 nomine,
1455 890 1537 954 qui
1571 907 1627 937 eo
1656 889 1858 947 morbo,
1886 907 2029 955 quem

618 970 774 1017 Graeci
803 985 1039 1033 spasmum
1064 967 1326 1031 appellant,
1348 969 1446 1030 jam
1469 985 1555 1031 per
1576 983 1756 1013 annum
1789 967 2028 1030 integrum

617 1047 683 1093 sic
702 1043 978 1103 vexabatur,
996 1053 1049 1089 ut
1071 1060 1237 1089 manus
1257 1045 1295 1106 ej
1304 1060 1354 1088 us
1373 1042 1561 1090 dextera
1580 1043 1770 1106 penitus
1789 1043 2026 1089 contineri

619 1141 717 1172 non
738 1131 919 1187 posset,
941 1120 1019 1167 sed
1037 1119 1294 1184 agitatione
1322 1120 1575 1177 continua,
1596 1120 1726 1184 quasi
1746 1121 1828 1184 qui
1851 1120 2026 1167 molam

617 1210 846 1255 verteret,
869 1207 1142 1244 moveretur
1160 1196 1206 1241 in
1222 1213 1419 1261 gyrum,
1440 1197 1600 1241 statim
1616 1196 1663 1242 in
1683 1196 1783 1259 ipso
1802 1197 2021 1254 introitu,

614 1296 700 1342 per
721 1275 889 1323 merita
912 1273 1165 1321 beatorum
1187 1274 1482 1337 Martyrum,
1505 1289 1665 1319 coram
1688 1273 1819 1319 omni
1845 1274 2024 1337 populo

614 1357 675 1402 ita
709 1364 899 1401 curatus
927 1362 1025 1410 est,
1056 1362 1109 1398 ut
1138 1361 1247 1416 post
1277 1350 1378 1398 haec
1404 1351 1593 1397 nullum
1620 1350 1744 1397 illius
1772 1349 2023 1399 horrendae

613 1432 883 1497 agitationis
900 1439 1141 1494 pateretur
1155 1428 1531 1477 incommodum.
1548 1427 1732 1476 Exinde
1746 1427 1821 1476 die
1834 1439 2018 1494 quarta,

614 1512 664 1557 in
697 1509 952 1556 festivitate
984 1506 1204 1554 videlicet
1239 1506 1365 1553 beati
1397 1497 1593 1553 joannis
1620 1507 1871 1570 Baptistae,
1905 1524 2021 1553 anus

612 1587 854 1653 quaedam,
877 1585 1074 1632 nomine
1092 1584 1296 1632 Gerrada
1309 1620 1321 1640 ‚
1345 1601 1452 1648 quae
1471 1600 1518 1630 se
1534 1601 1712 1630 annum
1731 1601 1882 1630 unum
1899 1601 2020 1631 caeca

611 1665 754 1711 fuisse
773 1671 938 1710 testata
957 1673 1025 1708 est
1038 1697 1051 1718 ,
1077 1661 1193 1707 dum
1212 1661 1461 1707 missarum
1479 1661 1707 1708 solemnia
1727 1661 2020 1708 celebraren-

612 1753 708 1798 tur,
731 1739 959 1787 invocatis
975 1737 1123 1786 beatis
1143 1737 1461 1803 MartyribUS,
1485 1738 1648 1785 lumen
1661 1773 1674 1795 ,
1699 1738 1830 1803 quod.
1849 1756 1903 1786 ex
1926 1739 2017 1786 fide

610 1819 832 1883 petierat,
861 1817 1042 1863 cunctis
1067 1816 1149 1880 qui
1172 1815 1366 1862 aderant
1389 1814 1661 1863 videntibus
1676 1851 1690 1873 ,
1717 1834 1801 1880 per
1823 1816 2016 1863 illorum

609 1895 776 1941 merita
807 1893 1002 1957 recepit.
1045 1893 1275 1940 Similiter
1302 1893 1351 1938 in
1381 1892 1634 1940 festivitate
1662 1893 1809 1939 sancti
1844 1893 2031 1951 Salvii,

607 1988 715 2035 quae
739 1970 897 2017 evenit
919 1979 1051 2016 sexto
1074 1968 1293 2015 kalendas
1310 1969 1441 2033 julii,
1468 1968 1660 2034 quidam
1681 1968 1827 2016 homo
1848 1968 2013 2015 surdus

607 2058 654 2094 et
671 2057 848 2104 mutus,
876 2046 1001 2093 inter
1020 2046 1246 2093 solemnia
1265 2046 1530 2103 missarum,
1552 2063 1637 2110 per
1655 2047 1871 2111 suffragia
1889 2046 2015 2092 Mar-

608 2133 794 2188 tyrum,
820 2133 868 2169 et
890 2121 1105 2168 auditum
1130 2132 1177 2169 et
1200 2122 1440 2187 loquelam
1462 2123 1670 2187 recipere
1694 2123 1886 2169 meruit.
1917 2124 2013 2169 Ea-

605 2201 715 2248 dem
731 2200 806 2248 die
828 2218 944 2247 anus
962 2200 1178 2265 quaedam
1195 2200 1253 2248 de
1272 2218 1392 2264 pago
1410 2200 1709 2247 Laudunensi
1722 2236 1736 2257 ,
1764 2200 2012 2247 Rodeltru-

604 2277 675 2324 dis
693 2277 906 2333 nomine,
924 2295 1033 2342 quae
1051 2295 1136 2341 per
1156 2288 1248 2325 tres
1267 2295 1417 2324 annos
1438 2278 1596 2325 lumen
1617 2277 1724 2324 coeli
1747 2295 1843 2325 non
1862 2278 2005 2335 vidit,

606 2354 654 2400 in
671 2352 830 2400 eadem
842 2352 1159 2401 celebratione
1172 2354 1437 2410 missarum,
1450 2353 1602 2400 visum
1614 2354 1808 2418 recepit.
1825 2354 2008 2415 Quinto

604 2429 822 2478 kalendas
832 2430 941 2494 julii
953 2465 966 2488 ,
990 2448 1108 2495 puer
1126 2431 1317 2496 quidam
1340 2449 1577 2479 annorum
1596 2432 1786 2480 circiter
1806 2443 2003 2497 septem,

602 2509 886 2557 Donitianus
911 2509 986 2573 (a)
1010 2509 1232 2566 nomine,
1268 2511 1351 2576 qui
1385 2510 1478 2557 fuit
1507 2529 1656 2558 caecus
1687 2529 1710 2558 a
1736 2512 2002 2568 nativitate,

645 2646 699 2692 (a)
724 2645 834 2691 Quod
852 2657 987 2680 nomen
1009 2646 1240 2694 exscriptoris
1258 2647 1444 2692 mendam,
1461 2660 1544 2683 cum
1562 2648 1774 2684 Bollandist.
1795 2649 1895 2692 Jun.,
1916 2655 1943 2683 t.
1963 2649 2000 2691 I,

600 2718 637 2752 p.
664 2716 726 2740 201
740 2732 750 2747 ,
772 2704 840 2739 col.
865 2718 900 2749 1,
921 2712 997 2740 not.
1005 2705 1046 2752 f
1046 2734 1055 2750 ‚
1082 2705 1301 2743 crediderim
1324 2714 1361 2743 et
1383 2708 1445 2744 hic
1470 2707 1523 2744 vel
1543 2708 1775 2746 Dmm‘cz‘anus
1796 2708 1849 2745 vel
1876 2707 2000 2745 Dona-

599 2766 723 2800 tiamcs
739 2763 934 2811 legendum
953 2776 1039 2800 esse.
