2105 3348
582 255 660 292 294
889 249 1128 288 HISTORIA
1159 248 1577 293 TRANSLATIONIS,
1609 261 1688 284 mc.

581 349 687 377 cum
723 330 797 374 illa
833 328 976 374 locuti
1009 343 1197 383 sumus3
1236 337 1283 372 et
1307 343 1385 382 ea,
1413 342 1520 389 quae
1550 325 1671 369 circa
1706 323 1831 370 illam
1858 333 1982 388 gesta

579 409 798 464 fuerunt,
828 406 920 468 ipsa
947 413 1169 450 narrante
1192 403 1457 450 didicimus.

645 876 722 921 54.
758 873 896 919 Nunc
922 873 1035 919 illud
1061 872 1236 920 referre
1260 873 1393 927 volo,
1418 873 1547 938 quod
1572 874 1668 936 ipse
1693 873 1741 918 in
1764 871 1838 918 die
1862 882 1992 917 nata-

579 952 684 999 litio
717 951 967 999 beatorum
997 952 1265 1016 Martyrum
1300 951 1552 1015 contigisse
1583 950 1696 996 vidi.
1735 950 1857 996 Puer
1888 950 1992 1013 qui-

578 1030 685 1076 dam
710 1029 877 1075 surdus
901 1039 947 1075 et
971 1039 1129 1073 mutus
1146 1064 1156 1082 ‚
1182 1029 1262 1092 qui
1290 1038 1398 1074 ante
1424 1028 1686 1074 triennium
1709 1026 1821 1072 illuc
1844 1043 1990 1072 vene-

580 1117 676 1162 rat,
697 1116 743 1152 et
763 1107 811 1151 in
831 1105 974 1152 domo
995 1105 1202 1151 custodis
1221 1105 1427 1151 ecclesiae
1447 1105 1665 1150 ostiarius
1685 1103 1742 1149 ab
1762 1120 1817 1150 eo
1836 1103 1990 1150 fuerat

582 1183 891 1239 constitutus,
929 1181 1049 1228 festo
1081 1181 1155 1226 die
1178 1183 1275 1244 jam
1302 1180 1440 1227 [inito
1470 1191 1516 1226 et
1542 1181 1695 1226 officio
1719 1180 1992 1243 vespertino

581 1270 931 1314 consummato,
957 1275 1066 1304 cum
1084 1260 1218 1322 juxta
1241 1259 1414 1304 ostium
1436 1256 1632 1314 sederet,
1660 1267 1855 1321 repente
1879 1274 1993 1304 con—

581 1355 775 1402 surgens
799 1336 1039 1383 basilicam
1064 1337 1280 1391 intravit‚
1316 1347 1362 1382 et
1385 1355 1408 1382 a
1430 1337 1606 1382 dextris
1631 1336 1788 1382 altaris
1811 1353 1992 1399 pronus

582 1414 782 1462 corruit.
804 1413 1017 1477 Cumque
1041 1429 1150 1458 eum
1174 1412 1398 1467 aedituus,
1423 1413 1503 1477 qui
1528 1411 1860 1458 candelabrum
1884 1429 1993 1457 cum

583 1508 719 1538 cereo
749 1501 857 1536 ante
886 1489 1032 1535 altare
1068 1487 1299 1552 ponebat,
1339 1488 1403 1534 ibi
1433 1491 1669 1553 jacentem
1705 1490 1989 1545 invenisset,

581 1568 816 1615 continuo
841 1566 958 1612 mihi
994 1565 1082 1612 hoc
1114 1565 1321 1611 indicare
1347 1567 1545 1611 curavit.
1574 1566 1672 1613 Nos
1696 1578 1881 1623 autem,
1910 1566 1991 1630 qui

582 1658 699 1692 tunc
729 1662 819 1691 una
845 1662 1054 1698 eramus,
1088 1643 1325 1690 ecclesiam
1354 1642 1568 1689 celeriter
1601 1644 1791 1708 ingressi
1810 1679 1823 1702 ,
1857 1660 1994 1689 eum-

583 1723 716 1779 dem,
745 1723 865 1768 sicut
887 1720 945 1766 ab
970 1720 1146 1768 aediiuo
1172 1731 1386 1783 repertus
1412 1732 1506 1777 est,
1539 1722 1773 1785 jacentem
1807 1722 1995 1767 inveni-

583 1817 706 1846 mus.
736 1799 889 1859 Quem
920 1816 1028 1844 cum
1057 1798 1199 1845 levari
1227 1797 1531 1862 juberemus,
1561 1798 1689 1844 velut.
1721 1798 1995 1863 gravissimo

584 1896 755 1943 sopore
778 1877 1045 1941 depressus,
1070 1877 1262 1923 excitari
1289 1893 1386 1923 non
1411 1877 1584 1940 potuit.
1611 1876 1823 1923 Tandem
1851 1877 1997 1941 igitur

585 1956 716 2021 quasi
741 1955 965 2019 evigilans
989 1954 1138 2001 erexit
1161 1972 1230 2010 se,
1256 1971 1548 2020 cernensque
1575 1972 1661 2001 nos
1686 1955 1996 2001 circumstan-

586 2045 654 2080 tes
679 2033 913 2089 surrexit,
942 2043 1084 2096 atque
1111 2031 1168 2078 ad
1193 2050 1270 2080 eos
1297 2033 1379 2097 qui
1405 2050 1555 2097 prope
1578 2032 1665 2079 sibi
1691 2031 1994 2091 assistebant,

583 2113 729 2158 latine
753 2112 941 2158 locutus
961 2122 1046 2157 est.
1073 2111 1195 2157 Sunt
1213 2110 1406 2175 quidam
1430 2129 1484 2158 ex
1510 2113 1685 2158 nostris
1702 2113 1783 2177 qui
1809 2112 1992 2169 dicunt,

587 2189 806 2236 eumdem
824 2206 1027 2251 puerum
1051 2188 1150 2235 fere
1172 2199 1281 2234 ante
1305 2206 1381 2235 sex
1408 2205 1612 2245 menses,
1637 2206 1743 2234 cum
1766 2189 1814 2234 in
1840 2190 1996 2253 cujus-

587 2263 696 2310 dam
718 2264 922 2311 hominis
942 2265 1093 2310 nostri
1112 2265 1256 2310 domo
1277 2274 1424 2311 noctu
1447 2264 1720 2319 dormisset,
1743 2265 1839 2312 duo
1859 2283 1996 2329 quae-

589 2341 695 2388 dam
719 2340 859 2387 verba
884 2358 969 2404 per
990 2358 1208 2404 soporem
1233 2340 1374 2387 fuisse
1403 2341 1614 2387 locutum
1636 2378 1648 2398 ,
1679 2353 1725 2388 et
1751 2342 1992 2400 auditum,

589 2434 687 2482 quo
716 2428 907 2482 eatenus
943 2416 1107 2463 itidem
1138 2427 1190 2462 ut
1226 2416 1410 2482 loquela
1443 2418 1657 2474 carebat,
1699 2419 1745 2466 in
1778 2419 1855 2465 illa
1882 2419 1994 2467 hora

589 2495 833 2559 recepisse.
864 2493 1004 2554 Quod
1031 2494 1092 2540 ita
1117 2493 1296 2541 factum
1330 2495 1438 2542 inde
1466 2495 1824 2560 conjiciebatur,
1857 2498 1992 2562 quia,

588 2582 840 2636 postquam
863 2571 919 2617 de
944 2571 1025 2618 illo
1049 2588 1218 2618 somno
1246 2583 1545 2635 experrectus
1570 2585 1663 2631 est,
1693 2585 1861 2622 cuncta
1888 2593 1994 2641 quae

590 2651 630 2696 ei
657 2669 679 2696 a
707 2649 920 2715 quolibet
952 2648 1323 2714 imperabantur,
1355 2669 1406 2697 ac
1431 2652 1465 2697 si
1504 2653 1815 2716 intelligeret,
1843 2654 1994 2701 facere

592 2728 787 2773 curavit.
824 2727 912 2774 Sed
943 2726 1032 2774 hoc
1058 2727 1245 2774 videtur
1278 2729 1322 2773 in
1356 2728 1435 2774 liae
1463 2730 1638 2776 virtute
1669 2716 1990 2794 praecipuum,
