2105 3348
599 325 669 359 is«)
892 316 1127 355 HISTORIA
1159 312 1576 359 'I‘RANSLATIONIS‚
1611 326 1687 351 E‘rc.

591 397 930 464 propterquod
951 405 1143 441 venerat
1159 393 1369 457 negotio,
1391 393 1588 437 Romam
1610 391 1761 438 redire
1782 400 1962 455 pararet
1981 426 1992 446 ‚

591 477 784 542 quadam
812 476 885 521 die
901 511 911 529 ,
942 473 1246 519 humanitatis
1267 487 1398 516 causa
1418 506 1430 526 ‚
1456 469 1586 516 velut
1615 470 1916 533 peregrinus,
1940 469 1996 513 ad

589 554 840 618 prandium
866 563 1044 600 nostrae
1066 550 1310 614 parvitatis
1333 568 1356 594 a
1380 546 1520 594 nobis
1538 558 1606 593 est
1627 547 1850 592 invitatus
1874 568 1883 592 ε
1911 545 1996 591 ibi-

587 649 677 696 que
699 632 824 676 inter
843 627 1170 693 prandendum
1192 626 1324 690 plura
1348 625 1493 672 locuti
1511 660 1522 680 ,
1547 641 1752 689 eousque
1775 623 1996 669 sermoci-

586 709 743 755 nando
770 707 1094 771 pervenimuS,
1125 716 1179 750 ut
1209 704 1265 750 de
1292 702 1598 749 translatione
1630 701 1844 765 corporis
1875 699 1996 746 beati

586 785 844 832 Sebastiani
877 802 928 829 ac
962 782 1185 847 neglectis
1209 791 1479 845 martyrum
1507 778 1755 842 sepulcriS,
1791 795 1999 843 quorum

583 865 748 909 Romae
768 863 932 926 ingens
950 861 1081 923 copia
1109 869 1202 915 est,
1227 857 1410 904 mentio
1437 856 1586 903 fieret.
1609 855 1722 902 Inde
1741 856 1797 901 ad
1815 855 1999 902 dedica-

586 943 765 988 tionem
785 959 923 988 novae
944 938 1150 985 basilicae
1170 948 1347 984 nostrae
1373 953 1592 982 sermone
1616 952 1846 982 converso
1862 970 1872 990 ‚
1897 951 1999 998 per-

586 1018 768 1065 contari
792 1017 944 1081 coepi,
965 1032 1175 1080 quonam
1205 1013 1348 1060 modo
1379 1012 1435 1059 ad
1457 1013 1501 1058 id
1525 1013 1774 1076 pervenire
1793 1028 1995 1075 possem,

586 1107 638 1142 ut
673 1096 851 1160 aliquid
887 1095 943 1141 de
977 1094 1098 1140 veris
1135 1103 1411 1139 sanctorum
1449 1091 1690 1156 reliquiis,
1719 1091 1799 1155 qui
1833 1091 1999 1138 Romae

583 1174 912 1238 requiescunt,
932 1171 1047 1217 mihi
1073 1171 1263 1234 adipisci
1290 1167 1620 1233 contingeret?
1642 1170 1727 1214 Hic
1747 1168 1823 1214 ille.
1842 1168 1999 1231 primo

583 1252 773 1315 quidem
803 1250 1057 1307 haesitavit,
1078 1259 1121 1295 et
1143 1247 1347 1313 qualiter
1372 1246 1418 1292 id
1443 1246 1543 1292 fieri
1567 1258 1739 1309 posset,
1758 1264 1803 1291 se
1820 1246 1999 1292 nescire

583 1328 847 1392 respondit.
869 1325 1048 1374 Deinde
1072 1343 1181 1372 cum
1206 1343 1282 1372 me
1306 1323 1362 1371 de
1389 1324 1472 1370 hac
1504 1343 1551 1371 re
1578 1324 1838 1372 sollicitum
1857 1324 1998 1370 simul

583 1418 628 1452 ot
666 1406 904 1452 curiosum
942 1421 1038 1450 esse
1075 1402 1500 1459 animadverteret,
1534 1402 1675 1449 altera
1712 1402 1787 1448 die
1818 1419 1864 1448 se
1896 1418 2000 1466 per-

582 1481 846 1529 contationi
870 1498 985 1527 τηρεε
1012 1496 1354 1543 responsurum
1376 1497 1470 1525 esse
1490 1479 1727 1543 promisit.

647 1568 693 1612 3.
734 1566 845 1611 Post
872 1564 996 1619 haec,
1028 1581 1135 1609 cum
1176 1563 1350 1609 iterum
1386 1581 1409 1608 a
1447 1581 1522 1610 me
1553 1562 1716 1610 fuisset
1745 1564 1995 1620 invitatus,

582 1643 802 1706 protinus
822 1659 845 1689 e
869 1642 975 1687 sinu
994 1640 1209 1687 libellum
1228 1640 1343 1686 mihi
1365 1641 1605 1705 porrexit,
1630 1659 1798 1706 rogans
1820 1653 1873 1688 ut
1889 1659 1999 1688 eum

579 1721 705 1769 solus
734 1721 1047 1785 perlegerem3
1086 1719 1271 1784 sibique
1303 1719 1361 1767 de
1388 1720 1488 1777 his,
1521 1738 1629 1786 quae
1655 1721 1702 1767 in
1737 1739 1793 1768 eo
1825 1722 1997 1785 scripta

579 1808 738 1853 erant,
765 1796 881 1862 quid
905 1797 1021 1843 mihi
1053 1797 1286 1861 placeret,
1323 1796 1530 1844 indicare
1563 1815 1660 1845 non
1697 1798 1994 1864 dedignarer.

579 1875 749 1938 Accepi
777 1874 1012 1928 libellum,
1037 1884 1083 1920 et
1106 1885 1156 1920 ut
1182 1874 1260 1920 ille
1287 1875 1440 1938 petiit,
1459 1875 1585 1922 solus
1604 1885 1779 1923 secrete
1798 1875 1994 1940 perlegi.

580 1951 933 1999 Continebatur
958 1952 1006 1998 in
1032 1969 1088 1998 eo
1118 1973 1127 1997 :
1165 1970 1261 1999 esse
1285 1951 1373 1998 sibi
1401 1951 1530 1999 domi
1551 1954 1781 2018 plurimas
1804 1964 1999 2002 sancto-

579 2045 688 2074 rum
709 2029 932 2094 reliquias
946 2064 958 2086 ,
986 2046 1154 2094 easque
1172 2047 1218 2076 se
1242 2029 1357 2075 mihi
1377 2029 1487 2076 dare
1506 2030 1625 2077 velle
1640 2067 1654 2088 ‚
1672 2032 1708 2077 si
1728 2049 1833 2079 meo
1850 2031 1998 2078 fultus

580 2106 815 2170 adjutorio
840 2108 1038 2154 Romam
1072 2108 1246 2155 reverti
1272 2109 1503 2173 potuisset
1522 2127 1535 2165 ;
1571 2120 1872 2174 compertum
1906 2108 1995 2156 sibi

578 2184 682 2232 fore
699 2221 710 2239 ‚
737 2185 866 2249 quod
898 2186 1016 2233 duos
1038 2187 1193 2233 mulos
1224 2185 1475 2246 haberem,
1501 2204 1706 2252 quorum
1732 2188 1767 2234 si
1795 2187 1998 2235 alterum

579 2261 668 2307 sibi
690 2262 849 2309 darem
864 2299 878 2320 ,
898 2281 950 2309 ac
985 2282 1141 2311 secum
1169 2263 1415 2311 hominem
1437 2282 1597 2311 meum
1622 2263 1808 2312 fidelem
1835 2265 1998 2312 mitte-

578 2356 677 2385 rem
695 2374 706 2395 ,
755 2339 834 2405 qui
875 2340 973 2386 illas
1009 2342 1233 2406 reliquias
1267 2342 1327 2388 ab
1365 2341 1448 2389 illo
1486 2343 1744 2407 reciperet,
1783 2343 1998 2408 mihique

577 2415 809 2473 deferret,
845 2418 1005 2463 statim
1037 2436 1110 2465 eas
1144 2418 1261 2465 mihi
1299 2437 1345 2466 se
1381 2420 1657 2466 missurum.
1698 2420 1997 2485 Complacuit

578 2493 694 2539 mihi
721 2493 957 2540 suadentis
988 2497 1266 2555 consilium,
1296 2498 1533 2563 statuique
1564 2497 1703 2545 fidem
1726 2500 1996 2563 sponsionis

581 2571 776 2618 incertae
796 2563 1013 2619 celeriter
1040 2575 1241 2638 experiri
1263 2595 1275 2632 ;
1297 2594 1349 2622 ac
1373 2575 1600 2640 proinde,
1625 2575 1735 2623 dato
1753 2577 1884 2641 quod
1910 2595 1996 2642 pe·-

581 2648 708 2696 tebat
726 2653 973 2713 jumento,
998 2651 1152 2698 addita
1177 2665 1377 2718 propter
1402 2655 1627 2701 viaticum
1651 2655 1876 2719 pecunia,
1905 2672 1991 2701 no-

582 2728 754 2774 tarium
776 2746 932 2775 meum
950 2765 964 2787 ,
987 2730 1182 2777 nomine
1202 2732 1491 2790 Ratleicum,
1514 2734 1622 2799 quia
1645 2745 1691 2781 et
1715 2733 1812 2798 ipse
1827 2733 1992 2781 orandi

581 2821 712 2851 causa
737 2806 936 2853 Romam
967 2807 1106 2854 eundi
1130 2819 1292 2856 votum
1319 2809 1519 2858 habebat
1534 2848 1547 2869 ‚
1575 2829 1681 2858 cum
1714 2830 1769 2860 eo
1800 2829 1994 2878 pergere
