2105 3348
634 254 709 291 208
936 246 1176 285 HISTORIA
1208 244 1625 291 TRANsLATIONIS,
1659 260 1736 285 E'rc.

633 330 758 376 abaci
785 321 855 373 xiel
880 327 1007 389 signa
1040 342 1300 370 marmorea
1317 359 1327 377 ‚
1357 324 1510 387 pluvia
1541 324 1769 380 instante,
1799 324 1962 370 sudare
1986 342 2035 371 ac.

634 404 958 452 vircumssuere
989 404 1168 456 solent3
1195 402 1259 447 sic
1284 400 1465 447 loculus
1495 400 1598 458 ille,
1628 402 1707 465 qui
1733 402 2034 448 sacratissima

633 498 832 546 corpora
857 477 1162 538 continebat,
1190 496 1302 525 vero
1333 495 1502 525 cruore
1525 478 1714 525 madens
1729 515 1740 535 ‚
1764 490 1810 525 et
1829 496 1883 525 ex
1904 480 2035 526 omni

632 571 763 624 parte
797 558 1011 622 perfusus
1048 558 1266 604 inventus
1299 567 1384 604 est.
1421 557 1615 604 Terruit
1646 575 1732 604 nos
1772 557 1957 603 insolita
1992 567 2036 603 et

630 654 874 702 nunquam
910 636 1040 700 prius
1066 635 1222 681 audita
1254 635 1469 680 miraculi
1495 635 1684 698 species,
1716 634 2036 698 Quapropter,

634 715 753 760 inito
787 713 1014 766 consilio,
1044 711 1318 757 triduanum
1336 711 1573 775 jejunium
1607 728 1713 757 cum
1739 711 2040 775 supplicatio-

631 791 770 838 nibus
790 790 941 837 facere
958 790 1250 837 decrevimus
1264 824 1279 847 ,
1304 800 1355 834 ut
1372 808 1424 834 ex
1446 789 1730 835 revelatione
1746 788 1903 834 divina
1923 788 2040 834 scire

631 885 940 923 mereremur,
971 865 1084 931 quid
1114 866 1201 912 sibi
1236 865 1404 922 vellet,
1438 864 1610 929 quidve
1633 864 1904 911 faciendum
1934 881 2041 909 mo-

633 957 767 992 neret
799 961 1023 1008 magnum
1061 942 1175 988 illud
1208 954 1254 989 et
1290 941 1525 988 ineffabile
1557 942 1843 1005 prodigium.
1878 942 2040 1006 Itaque

632 1032 824 1085 peracto
841 1021 922 1067 illo
940 1019 1161 1066 triduano
1170 1020 1371 1083 jejunio,
1394 1021 1605 1082 cumjam
1621 1017 2037 1081 advesperasceret,

633 1099 805 1146 humor
827 1099 903 1145 ille
928 1097 1110 1144 cruoris
1136 1096 1359 1143 horrendi
1379 1094 1537 1143 subito
1564 1095 1709 1159 coepit
1732 1112 1965 1150 arescere3
1989 1111 2040 1141 ac

632 1178 808 1222 mirum
829 1177 876 1222 in
895 1176 1109 1230 modum,
1128 1175 1209 1239 qui
1231 1192 1315 1238 per
1330 1175 1585 1222 continuos
1601 1184 1779 1237 septem
1794 1173 1890 1219 dies
1909 1190 2041 1219 more

632 1255 852 1318 perennis
870 1270 1003 1317 aquae
1028 1253 1127 1298 sine
1151 1252 1500 1298 intermissione
1521 1249 1801 1307 distillabat,
1827 1251 1891 1295 sic
1917 1250 2040 1296 intra

632 1331 928 1395 paucissimas
945 1329 1082 1378 horas
1099 1330 1353 1376 exsiccatus
1367 1340 1453 1385 est,
1469 1339 1587 1376 uteo
1600 1328 2041 1391 noetistempore—

634 1428 741 1456 nam
765 1409 1014 1456 Dominica
1035 1420 1318 1473 erat—quo
1336 1409 1471 1472 signo
1490 1407 1601 1454 dato
1626 1407 1681 1453 ad
1706 1406 2041 1454 antelucanum

630 1488 836 1534 officium
875 1485 1210 1533 celebrandum
1242 1486 1480 1532 ecclesiam
1513 1486 1819 1543 intravimus,
1852 1483 2041 1530 nullum

623 1567 720 1627 jam
747 1564 792 1610 in
819 1563 977 1610 loculo
1002 1563 1252 1627 vestigium
1282 1562 1405 1608 illius
1436 1574 1592 1626 posset
1623 1562 1845 1608 inveniri.
1874 1561 2040 1607 Lintea

630 1659 741 1689 vero
755 1677 768 1698 ,
785 1659 892 1706 quae
911 1642 1032 1687 circa
1053 1641 1263 1687 loculum
1282 1641 1569 1704 pendebant,
1587 1652 1641 1686 ut
1659 1640 1824 1686 eodem
1844 1639 2041 1686 fuerunt

632 1720 829 1765 humore
853 1736 1056 1782 respersa
1073 1755 1084 1774 ‚
1124 1719 1184 1763 ita
1213 1730 1265 1764 ut
1298 1730 1430 1764 erant
1459 1718 1722 1781 sanguineis
1749 1716 1943 1763 maculis
1966 1717 2040 1762 in-

628 1797 773 1852 fecta,
818 1814 1001 1843 servare
1023 1797 1137 1859 jussi
1169 1818 1177 1842 :
1217 1797 1262 1841 in
1289 1795 1462 1860 quibus
1486 1794 1636 1841 adhuc
1659 1812 1884 1858 magnum
1917 1794 2039 1840 illius

630 1873 824 1919 inauditi
847 1873 1059 1937 portenti
1078 1883 1210 1936 paret
1231 1873 1475 1918 indicium.
1500 1872 1697 1919 Constat
1712 1874 1836 1919 enim
1861 1871 2036 1918 humo-

627 1968 726 1996 rem
745 1949 881 1995 illum
900 1949 1077 2012 saporis
1101 1949 1244 1995 fuisse
1264 1949 1483 2006 subsalsi,
1507 1949 1562 1995 ad
1584 1949 1902 2015 lacrymarum
1917 1948 2039 1995 vide-

627 2026 734 2073 licet
758 2026 1030 2091 qualitatem
1047 2062 1060 2083 ‚
1082 2037 1129 2072 et
1144 2027 1422 2073 tenuitatem
1443 2026 1636 2092 quidem
1650 2044 1784 2091 aquae
1796 2062 1808 2083 ,
1828 2025 2038 2073 colorem

624 2114 777 2150 autem
813 2103 908 2149 veri
934 2104 1174 2166 sanguinis
1196 2103 1426 2150 habuisse.

691 2481 766 2524 47.
793 2475 966 2523 Eadem
986 2485 1126 2522 nocte
1149 2475 1335 2522 cuidam
1359 2494 1412 2523 ex
1435 2477 1591 2541 pueris
1616 2477 1815 2533 nostris,
1837 2477 2032 2523 nomine

625 2553 928 2611 Ruodlando,
958 2571 1041 2617 per
1071 2553 1280 2618 quietem
1305 2554 1400 2601 duo
1420 2556 1615 2618 juvenes
1641 2555 1724 2600 visi
1753 2564 1864 2600 sunt
1889 2553 2033 2600 adsti-

627 2635 755 2693 tisse,
790 2633 870 2698 qui
912 2632 980 2690 ei,
1017 2641 1070 2676 ut
1105 2631 1200 2695 ipse
1237 2642 1429 2677 testatus
1467 2642 1560 2690 est,
1599 2632 1655 2678 de
1694 2630 2030 2678 transferendis

623 2712 904 2756 Sanctorum
926 2706 1207 2772 corporibus
1237 2709 1383 2755 multa
1409 2710 1525 2756 mihi
1555 2710 1749 2757 dicenda
1777 2711 2031 2755 mandave-
