2105 3348
647 267 722 304 ‘2:3ss
940 264 970 299 H
981 261 1138 299 ISTORl
1150 262 1176 298 A
1207 261 1617 308 TRANSLATIONIS,
1652 277 1726 301 E‘rc.

644 343 882 387 vinearum
908 339 1151 401 aripennes
1180 356 1365 384 novem.
1399 338 1584 384 Obtulit
1608 349 1651 385 et
1675 340 1832 403 regina
1862 340 2027 403 cingu-

647 421 740 464 lum
763 435 895 463 suum
918 453 927 470 ‚
958 435 1010 462 ex
1030 434 1144 463 auro
1164 426 1210 463 ct
1228 416 1420 480 gemmis
1443 416 1641 471 factum,
1671 434 1866 479 pensans
1891 416 2030 462 libras

645 507 752 541 tres.
782 494 963 554 Quibus
989 495 1205 558 expletis,
1244 494 1403 540 relatae
1428 505 1536 539 sunt
1559 494 1769 558 reliquiae
1796 493 1851 539 ad
1878 495 2031 540 locum

642 589 800 627 suum,
823 572 871 616 in
892 572 1155 618 oratorium
1168 571 1382 617 videlicet
1401 582 1635 625 nostrum,
1657 570 1945 634 fueruntque
1966 569 2029 614 ibi

641 648 802 695 diebus
827 648 1129 712 quadraginta
1156 649 1226 695 vel
1254 666 1309 695 eo
1333 648 1556 711 amplius,
1583 665 1727 711 usque
1749 647 1862 693 dum
1886 648 2033 710 impe—

643 736 773 772 rator
791 725 964 789 palatio
996 726 1252 789 egrediens,
1272 725 1469 772 venandi
1490 726 1655 788 gratia,
1683 724 1878 771 solemni
1903 741 2033 771 more

642 803 776 848 silvas
798 812 995 866 peteret.
1024 802 1130 862 Quo
1161 802 1312 858 facto,
1339 812 1384 849 et
1407 819 1493 848 nos
1517 801 1820 864 comparatis,
1849 818 1954 864 quae
1979 801 2034 846 ad

642 879 987 943 profectionem
1003 890 1211 926 nostram
1229 880 1478 926 necessaria
1493 879 1774 925 videbantur
1786 914 1798 934 ,
1817 895 1925 924 cum
1944 879 2035 923 eis-

643 957 750 1003 dem
781 957 992 1021 reliquiis
1020 957 1076 1003 de
1102 958 1207 1004 vico
1233 958 1436 1021 Aquensi
1464 957 1807 1020 promovimus.
1843 957 1896 1001 In
1936 956 2039 1018 ipso

643 1043 797 1079 autem
820 1043 995 1079 nostrae
1021 1033 1297 1097 egressionis
1318 1033 1518 1079 articulo
1535 1068 1547 1088 ,
1572 1050 1678 1078 cum
1700 1032 1944 1077 missarum
1968 1049 2036 1078 so-

644 1109 813 1156 lemnia
839 1109 1214 1166 celebrarentur,
1237 1128 1351 1156 anus
1375 1110 1590 1174 quaedam
1616 1110 1663 1155 in
1690 1110 1862 1173 palatio
1882 1112 2035 1155 notis-

640 1189 754 1233 sima
768 1223 780 1244 ‚
801 1205 1036 1234 annorum
1058 1189 1247 1235 circiter
1260 1189 1499 1252 octoginta
1517 1224 1529 1243 ‚
1553 1205 1809 1234 nervorum
1828 1197 2038 1233 eontrac-

644 1265 771 1311 tione
795 1264 1034 1323 laborans,
1063 1267 1109 1312 in
1135 1276 1388 1328 conspectu
1410 1275 1575 1312 nostro
1599 1275 1756 1310 curata
1780 1274 1863 1310 est.
1894 1263 2033 1322 Quae,

640 1355 693 1389 ut
718 1344 811 1407 ipsa
842 1355 1063 1391 narrante.
1087 1343 1335 1390 didicimus
1355 1379 1366 1399 ,
1404 1361 1487 1406 per
1511 1343 1849 1407 quinquaginta
1890 1359 2037 1389 annos

639 1418 729 1467 hoc
776 1420 946 1468 morbo
983 1420 1168 1468 detenta
1183 1456 1196 1476 ,
1244 1437 1377 1467 more
1415 1418 1798 1484 quadrupedum,
1840 1418 2037 1482 genibus

639 1497 949 1563 manibusque
991 1497 1214 1554 nitendo,
1258 1497 1464 1545 officium
1503 1495 1772 1542 ambulandi
1809 1495 2037 1559 reptando

642 1575 929 1639 impleverat.

703 1732 780 1776 30.
821 1730 932 1777 Inde
972 1732 1061 1777 iter
1102 1732 1320 1794 ingressi,
1365 1730 1728 1794 suffragantibus
1767 1740 2037 1776 sanctorum

641 1807 846 1862 meritis,
879 1807 1196 1854 sextodecimo
1227 1807 1300 1854 die
1330 1807 1614 1853 Mulinheim
1648 1808 1830 1863 vicum,
1864 1807 1911 1852 in
1942 1824 2038 1871 quo

638 1903 790 1932 sacros
834 1885 1082 1933 beatorum
1125 1886 1394 1949 Martyrum
1439 1886 1618 1931 cineres
1663 1885 1718 1930 ad
1762 1885 2038 1932 comitatum

637 1960 897 2024 profecturi
923 1962 1201 2017 dimisimus,
1221 1963 1428 2008 Domino
1447 1961 1695 2024 adjuvante
1720 1961 2034 2024 pervenimus.

636 2039 689 2084 In
715 2056 809 2102 quo
837 2040 1004 2086 itinere
1026 2050 1259 2104 quantum
1280 2038 1463 2104 gaudii,
1490 2049 1816 2103 quantumque
1837 2037 2034 2092 laetitiae,

637 2115 692 2162 de
710 2116 896 2163 illarum
920 2117 1124 2164 adventu
1146 2117 1457 2182 reliquiarum
1474 2151 1485 2171 ‚
1513 2116 1700 2179 populis
1721 2116 1767 2161 in
1792 2115 1949 2161 eadem
1967 2116 2037 2160 via

639 2194 1002 2241 consistentibus
1043 2197 1308 2252 accesserit,
1343 2212 1498 2259 neque
1522 2194 1637 2239 mihi
1667 2193 1898 2240 silendum
1939 2203 2035 2248 est,

639 2288 725 2318 nec
750 2283 906 2318 tamen
937 2273 998 2318 ita
1027 2283 1079 2318 ut
1105 2274 1221 2328 fuit,
1248 2273 1385 2337 plene
1414 2273 1502 2318 dici
1525 2283 1666 2336 atque
1687 2271 1922 2318 enuntiari
1956 2288 2038 2333 po-

643 2358 746 2395 test.
793 2349 1053 2396 Dicendum
1093 2361 1247 2398 tamen
1288 2361 1379 2405 est,
1428 2368 1486 2396 ne
1531 2367 1604 2396 res
1636 2349 1691 2394 ad
1733 2349 1816 2394 Dei
1857 2348 2038 2394 laudem

640 2426 838 2472 maxime
872 2426 1138 2489 pertinenS,
1166 2428 1294 2490 quasi
1319 2445 1402 2491 per
1440 2418 1898 2479 desidiam‚'silentio
1924 2441 2040 2487 sup-

642 2521 790 2566 pressa
812 2501 1036 2549 videatur.
1067 2504 1132 2549 Ac
1152 2505 1360 2566 primum
1391 2505 1582 2569 quidem
1608 2504 1746 2567 gestit
1779 2502 1962 2548 animus
1994 2500 2038 2547 id

643 2580 993 2644 referre‚quod,
1017 2581 1188 2643 palatio
1212 2583 1399 2645 egressi,
1430 2583 1475 2627 in
1506 2580 1767 2627 multorum
1791 2579 2036 2644 praesentia

643 2677 727 2706 nos
755 2659 918 2705 vidisse
947 2659 1304 2705 reminiscimur.
1334 2659 1558 2705 Vurmius
1586 2657 1760 2703 dicitur
1786 2656 2004 2702 fluviolus
2022 2691 2033 2709 ,

639 2736 821 2782 (luobus
858 2736 952 2782 fere
978 2753 1190 2799 passuum
1227 2736 1434 2782 millibus
1460 2735 1516 2782 ab
1538 2736 1740 2799 Aqu‹·nsi
1769 2734 1937 2797 palatio
1961 2732 2036 2778 di—
