2105 3348
593 251 670 287 270
890 242 1131 282 HISTORIA
1163 236 1584 283 TRANSLATIONIS‚
1618 252 1696 276 mc.

592 325 862 392 supervenit
885 340 1002 387 puer
1045 321 1209 366 missus
1249 336 1271 364 a
1306 316 1511 383 quodam
1545 334 1775 364 conservo
1810 329 1998 373 nostro,

593 405 842 450 flasconem
871 399 1027 446 ferens
1061 415 1202 462 quem
1241 394 1330 441 sibi
1368 394 1553 458 impleri
1608 393 1864 458 flagitabat.
1908 395 1998 454 Qui

590 497 697 527 cum
722 487 838 525 esset
858 476 1108 541 impletus,
1138 473 1275 538 petiit
1300 483 1353 518 ut
1369 471 1510 518 etiam
1529 469 1616 517 sibi
1639 470 1696 518 de
1712 470 1874 517 eadem
1895 488 2002 518 cer-

588 558 699 603 visia
722 554 1214 622 quantulumcumque
1240 551 1433 598 daretur
1452 548 1508 596 ad
1527 548 1807 596 hibendum.
1829 549 2001 596 Datum

586 646 655 681 est
676 635 725 680 in
749 649 854 679 vase
871 668 884 689 ,
916 631 1046 697 quod
1072 648 1179 677 casu
1214 646 1411 675 vacuum
1436 645 1575 692 supra
1604 644 1801 691 cupam,
1830 628 1879 672 in
1909 644 2000 692 qua

588 711 782 759 cervisia
807 720 934 767 erat,
964 709 1173 773 positum
1198 707 1370 754 fuerat.
1402 706 1490 753 Sed
1514 704 1596 752 ubi
1628 704 1718 752 hoc
1750 704 2001 751 hausturus

586 791 658 838 ori
682 789 920 845 admovit,
952 805 1060 834 cum
1093 786 1272 851 ingenti
1310 784 1624 831 admiratione
1643 818 1655 838 ‚
1684 782 1850 828 vinum
1879 781 1997 839 hoc,

586 886 685 915 non
707 866 950 915 cervisiam
977 883 1088 922 esse,
1116 864 1353 911 clamavit.
1391 864 1607 927 Cumque
1635 878 1743 908 eum
1773 861 1827 916 is,
1851 861 1933 924 qui
1957 870 2003 907 et

586 945 840 993 flasconem
877 943 1181 1008 impleverat,
1223 952 1271 988 et
1304 941 1534 1005 idipsum,
1567 938 1696 1005 quod
1735 938 1804 984 illi
1840 938 2003 985 datum

583 1025 702 1080 fuit,
728 1023 785 1070 de
809 1023 976 1070 eodem
994 1022 1228 1070 foramine
1262 1030 1495 1076 traxerat,
1527 1016 1758 1065 mendacii
1784 1017 2004 1081 coepisset

585 1101 1028 1167 arguere.-—Sume‚
1059 1099 1236 1163 inquit,
1261 1108 1304 1144 et
1326 1108 1483 1161 gusta3
1509 1107 1554 1143 et
1573 1105 1688 1141 tunc
1702 1112 1778 1141 me
1792 1111 1892 1141 non
1911 1092 2004 1140 fal-

582 1197 686 1225 sum
698 1214 710 1235 ,
733 1178 811 1225 sed
828 1178 987 1242 potius
1006 1193 1171 1223 verum
1187 1175 1358 1221 dixisse
1374 1172 1902 1238 probabis.-—Sumpsit
1926 1171 2004 1217 ille

583 1266 723 1320 atque
739 1254 968 1318 gustavit,
998 1251 1186 1317 sibique
1205 1252 1428 1297 similiter
1447 1252 1612 1296 vinum
1644 1249 1734 1296 hoc
1748 1285 1763 1308 ‚
1788 1266 1887 1295 non
1905 1266 2004 1295 cer-

586 1333 748 1378 visiam
778 1349 938 1394 sapere
974 1340 1169 1376 testatus
1200 1340 1286 1375 est.
1327 1329 1465 1374 Tunc
1503 1328 1670 1374 tertius
1702 1338 1750 1373 et
1773 1336 1998 1390 quartus,

587 1410 744 1456 caeteri
755 1426 847 1473 que
857 1409 940 1473 qui
951 1407 1163 1462 aderant,
1178 1407 1452 1471 singillatim
1461 1404 1695 1471 gustando
1706 1403 1999 1461 etmirando‚

590 1497 746 1533 totum
769 1484 899 1549 quod
924 1485 970 1530 in
991 1501 1094 1531 vase
1111 1483 1265 1529 fuerat
1284 1482 1556 1530 ebiberunt.
1581 1483 1832 1546 Quotquot
1846 1490 2003 1527 autem

589 1564 697 1612 inde
713 1574 1047 1628 gustaverunt,
1074 1563 1217 1618 meri,
1254 1579 1353 1608 non
1379 1561 1588 1608 cervisiae
1616 1560 1661 1606 id
1681 1576 1896 1624 saporem
1921 1559 2004 1605 ha-

590 1642 743 1689 buisse
760 1678 773 1698 ,
805 1645 960 1689 testati
986 1651 1108 1686 sunt.

651 1957 731 2002 45.
772 1955 953 2001 Interea
971 1989 983 2010 ,
1013 1971 1122 2000 cum
1148 1955 1197 2000 in
1223 1953 1360 2017 hujus
1387 1955 1508 2018 signi
1535 1954 1848 2002 admiratione
1875 1965 1998 2000 atto-

588 2031 675 2077 niti
699 2041 966 2095 stuperent,
984 2032 1188 2096 contigit
1205 2041 1260 2076 ut
1280 2049 1456 2088 cereUS,
1476 2034 1606 2095 cujus
1626 2032 1807 2079 lumine
1826 2030 1999 2078 ibidem

587 2107 871 2165 utebantur,
909 2118 956 2155 et
985 2119 1099 2155 tunc
1136 2119 1334 2173 propter
1357 2127 1526 2173 cupam
1551 2110 1717 2173 parieti
1744 2109 1902 2155 affixus
1925 2128 2003 2154 ar-

586 2185 748 2238 debat,
775 2187 967 2234 nemine
987 2187 1324 2251 contingente,
1357 2189 1404 2233 in
1429 2187 1621 2234 madens
1650 2186 1853 2234 humore
1875 2188 2001 2251 pavi-

586 2274 803 2309 mentum
824 2263 1036 2320 caderet;
1057 2275 1199 2328 atque
1222 2265 1284 2310 ita
1309 2275 1426 2311 esset
1451 2266 1686 2311 extinctus
1700 2301 1712 2322 ,
1741 2275 1795 2310 ut
1813 2283 1873 2312 ne
1893 2283 2002 2329 par-

585 2341 771 2387 vissima
790 2341 985 2405 quidem
1010 2342 1058 2388 in
1077 2359 1132 2389 eo
1157 2342 1360 2388 scintilla
1382 2353 1664 2390 remaneret.
1689 2343 1843 2403 Quem
1877 2360 2001 2389 unus

583 2436 751 2466 eorum
778 2419 1009 2483 arripiens
1026 2455 1038 2475 ,
1066 2419 1122 2466 ad
1143 2421 1322 2467 ostium
1343 2421 1582 2476 cucurrit3
1610 2420 1688 2467 sed
1711 2420 1913 2468 horrore
1932 2431 2000 2468 te-

584 2495 842 2542 nebrarum
866 2506 1111 2561 permotus
1129 2533 1140 2551 ,
1165 2498 1441 2561 priusquam
1466 2498 1788 2562 egrederetur,
1823 2498 1872 2544 in
1898 2499 1998 2562 ipso

582 2572 750 2620 limine
788 2583 945 2619 stans:
982 2574 1174 2633 Sancti,
1206 2575 1388 2638 inquit,
1429 2585 1661 2640 martyres
1692 2574 1997 2622 Marcellinus

584 2661 630 2696 et
655 2652 821 2698 Petrus
840 2668 927 2699 nos
942 2651 1187 2716 adjuvent!
1209 2651 1281 2699 Ad
1296 2670 1437 2717 quam
1465 2653 1817 2699 invocationem
1836 2669 1996 2700 cereus

584 2727 682 2785 ille,
718 2746 861 2794 quem
896 2747 1038 2776 manu
1067 2728 1284 2786 tenebat,
1315 2748 1536 2777 accensus
1560 2740 1646 2777 est.
1667 2731 1886 2776 »--Haec
1912 2728 1993 2775 uhi
