2105 3348
565 268 612 303 lo
990 264 1244 302 EINHARDI
1277 263 1547 303 EPISTOLAE.

559 354 607 391 et
633 353 807 399 matre,
836 343 958 389 sicut
986 344 1207 408 rogastis,
1237 343 1480 391 licentiam
1503 343 1708 392 habeant
1729 346 1974 394 vobiscum

560 419 809 476 manendi,
846 429 893 466 et
923 437 1117 467 censum
1147 438 1286 467 suum
1311 420 1447 467 annis
1478 420 1674 486 singulis
1703 423 1976 488 persolvant

561 497 617 544 ad
653 498 700 543 S.
734 496 1013 555 Servatum,
1056 499 1177 545 sicut
1216 499 1280 546 eis
1319 517 1344 544 a
1380 497 1609 545 fratribus
1645 501 1821 547 nostris
1858 518 1977 548 con-

560 575 783 620 stitutum
813 584 900 622 est.
934 575 1002 622 De
1029 576 1331 624 ordinatione
1361 593 1476 624 vero
1506 576 1712 641 ejusdem
1739 578 1896 626 clerici
1928 579 1974 624 in

559 660 712 697 vestra
746 651 806 697 sit
840 662 1098 717 potestate,
1133 663 1186 699 ut
1221 654 1330 700 inde
1366 653 1546 700 faciatis
1581 655 1810 720 quicquid
1840 655 1977 702 vobis

559 729 799 793 optimum
829 748 926 778 esse
951 730 1225 779 videbitur:
1251 732 1361 798 quia
1397 749 1480 779 vos
1511 743 1559 778 et
1591 750 1747 780 mores
1783 742 1828 780 et
1862 749 1975 779 con-

558 807 875 854 versationem
902 808 1027 855 illius
1051 809 1361 874 cognoscitis,
1389 820 1435 856 et
1460 809 1587 856 scitis
1615 821 1780 856 utrum
1806 809 1862 855 ad
1889 809 1978 854 ali-

558 901 702 948 quam
725 885 1080 934 ordinationem
1107 904 1285 934 sacram
1316 887 1662 951 suscipiendam
1688 888 1758 951 (i)
1782 887 1978 934 idoneus

558 961 635 1008 sit.
659 961 785 1028 Opto
806 965 1104 1012 sanctitatem
1126 976 1326 1012 vestram
1341 1000 1354 1022 ,
1380 966 1531 1012 nostri
1554 983 1840 1021 memorem,
1862 983 1978 1012 sem-

558 1055 644 1102 per
668 1039 716 1086 in
745 1040 935 1090 Christo
959 1041 1081 1090 bene
1104 1043 1274 1090 valere.

779 1190 851 1230 VI.
883 1192 949 1229 AD
981 1190 1286 1229 EGILOLFUM
1316 1190 1381 1228 ET
1411 1190 1757 1228 HUNBERTUM.

626 1286 951 1334 Dilectissimis
981 1289 1029 1334 in
1052 1287 1242 1335 Christo
1270 1287 1500 1335 fratribus
1526 1300 1573 1336 et
1593 1289 1775 1337 devotis
1803 1289 1977 1336 Christi

559 1363 775 1420 famulis,
806 1366 1016 1431 Egilolfo
1045 1377 1091 1414 et
1124 1366 1405 1424 Hunberto,
1438 1377 1665 1416 aeternam
1693 1369 1741 1414 in
1766 1368 1978 1415 Domino

561 1441 776 1489 salutem.
796 1473 859 1480 —-
879 1444 988 1491 Scio
1011 1462 1095 1492 vos
1115 1462 1216 1492 non
1239 1445 1384 1492 latere
1410 1445 1541 1510 quod
1564 1444 1707 1493 bonae
1732 1447 1979 1493 memoriae

559 1520 858 1585 Wolfgarius
891 1523 1165 1587 episcopus,
1202 1540 1278 1569 me
1302 1532 1519 1586 petente,
1554 1522 1856 1570 beneficiavit
1884 1522 1978 1570 ho-

559 1597 677 1643 mini
698 1610 866 1647 nostro
884 1599 1138 1657 Gerherto,
1161 1601 1208 1646 in
1232 1618 1352 1666 pago
1370 1600 1666 1665 Dubargawe
1685 1602 1779 1665 (2),
1802 1601 1849 1648 in
1871 1601 1978 1649 loco

559 1675 642 1739 qui
674 1675 850 1723 dicitur
881 1677 1092 1742 Asgbah,
1124 1678 1181 1726 de
1213 1679 1399 1726 ratione
1429 1679 1477 1724 S.
1516 1679 1691 1725 Kiliani
1714 1680 1809 1742 (ὅ),
1839 1697 1978 1725 man-

557 1770 631 1799 sos
660 1770 711 1799 111
737 1765 784 1800 et
808 1756 1041 1820 mancipia
1073 1774 1159 1803 ΧΠ.
1193 1756 1284 1804 Sed
1317 1757 1427 1822 quia
1461 1758 1508 1802 in
1543 1758 1634 1803 hoc
1666 1757 1845 1803 diutius
1877 1775 1979 1803 ma-

558 1847 671 1876 nere
691 1848 789 1878 non
808 1833 992 1896 potuit,
1018 1834 1107 1879 nisi
1127 1833 1243 1880 dum
1263 1834 1342 1881 ille
1361 1835 1407 1880 in
1426 1851 1628 1900 corpore
1649 1834 1785 1891 vixit,
1808 1851 1979 1898 precor

556 1904 903 1972 benignitatem
920 1921 1125 1957 vestram
1142 1922 1196 1957 ut
1213 1923 1534 1958 memoratum
1551 1910 1843 1958 Gerbertum
1862 1910 1978 1957 illud

557 1982 843 2033 heneficium
865 1988 933 2052 (4)
956 1987 1129 2036 habere
1149 1989 1458 2053 permittatis,
1482 1990 1603 2036 sicut
1626 1988 1771 2037 modo
1791 1988 1974 2044 hahuit,

555 2080 704 2128 usque
729 2064 844 2111 dum
871 2066 920 2112 in
943 2065 1027 2113 hac
1050 2066 1156 2114 sede
1179 2068 1428 2132 episcopus
1450 2067 1597 2114 fuerit
1624 2067 1900 2122 ordinatus3
1929 2076 1977 2112 et

558 2140 682 2187 inter
714 2159 789 2188 me
825 2153 872 2190 et
904 2143 1041 2190 illum
1073 2146 1353 2192 convenerit
1386 2144 1502 2210 quid
1526 2144 1584 2192 de
1611 2146 1713 2210 ipso
1741 2143 1975 2192 beneficio

602 2385 614 2430 (
622 2386 652 2431 ι)
678 2385 771 2421 Cod.
783 2386 837 2421 ad
850 2388 1010 2435 aliquem
1023 2389 1292 2425 ordinationem
1309 2403 1455 2424 sacrum
1474 2389 1761 2436 suscipiendum.

602 2453 653 2499 (2)
678 2455 749 2489 Hic
771 2455 869 2491 idem
886 2463 941 2492 est
957 2470 998 2492 ac
1016 2457 1076 2493 ille
1099 2471 1214 2506 pagus
1231 2458 1444 2494 nominibus
1464 2459 1719 2506 Daburgowe,
1747 2459 1974 2507 Tubergow,

562 2513 794 2560 Tubergewe
819 2522 856 2550 et
890 2517 1166 2565 Tuber-ecgewe
1191 2519 1229 2553 in
1257 2518 1442 2553 chronicis
1467 2525 1505 2553 et
1523 2517 1787 2565 diplomatibus
1804 2518 1975 2565 designa-

557 2579 627 2608 tus.
656 2573 745 2610 Vid.
768 2573 988 2621 Besselihm‚
1020 2577 1154 2613 Clzron.
1187 2579 1450 2614 Gotcwicensis
1472 2578 1710 2624 prodromus.
1731 2591 1814 2626 pars
1840 2578 1972 2622 altera,

555 2645 593 2668 n.
609 2645 764 2679 ccccm,
785 2648 822 2683 p.
842 2635 922 2685 817.

601 2703 650 2750 (5)
675 2705 768 2741 Cod.
787 2706 826 2741 S.
847 2707 1007 2753 eriani.

601 2774 652 2818 vs-fi)
677 2773 768 2809 Cod.
785 2774 882 2809 illud
894 2774 938 2810 dc
963 2775 1191 2821 beneficium.
