2105 3348
586 297 663 334 328
875 294 1119 334 HISTORIA
1147 293 1547 334 TRANSLATIONIS
1562 324 1571 342 ,
1601 308 1680 334 ετσ,

1140 468 1305 507 CAPUT
1335 468 1427 507 vn.

579 615 766 654 Miracula
795 615 1025 656 Valencenis
1060 616 1100 651 in
1139 615 1346 652 Hannonia
1379 622 1525 666 patrata
1559 613 1609 650 ad
1636 613 1820 665 reliquias
1851 612 1987 651 horum

719 681 955 720 Sanctorum.
980 680 1078 719 Caeci
1095 679 1224 719 decem
1244 681 1476 729 illuminati,
1500 680 1566 719 alii
1589 681 1677 733 aegri
1698 681 1834 718 sanati.

637 833 717 880 68.
743 833 854 879 Haec
873 832 933 879 de
952 831 1193 878 miraculis
1213 830 1463 878 beatorum
1482 829 1751 895 Martyrum
1765 863 1782 887 ‚
1804 843 1912 894 quae
1933 828 1982 875 in

573 909 750 973 palatio
779 919 903 974 gesta
930 918 1064 966 sunt,
1093 909 1141 955 in
1165 907 1387 973 praesenti
1423 924 1568 972 opere
1596 922 1989 953 commemorasse

573 987 786 1033 sufficiat.
813 987 952 1033 Nunc
975 985 1032 1032 ad
1056 1003 1129 1033 eas
1151 985 1353 1032 virtutes
1372 983 1662 1031 veniendum
1683 993 1776 1040 est,
1802 1000 1910 1047 quae
1934 982 1984 1028 in

571 1063 686 1111 locis
705 1062 842 1109 factae
864 1072 975 1109 sunt
987 1098 1001 1120 ‚
1022 1062 1079 1108 ad
1097 1080 1205 1127 quae
1218 1097 1233 1119 ,
1259 1061 1487 1126 religiosis
1509 1061 1620 1107 viris
1644 1059 1987 1125 petentibusac

569 1157 646 1187 me
676 1140 935 1204 largiente,
952 1139 1231 1186 venerandae
1261 1138 1538 1186 eorumdem
1567 1138 1838 1203 Martyrum
1867 1137 1987 1183 reli-

572 1217 700 1281 quiae
722 1217 798 1281 (cz)
823 1227 1056 1264 venerunt
1069 1252 1087 1274 „
1107 1226 1153 1264 et
1177 1217 1223 1262 in
1246 1215 1423 1281 quihus
1439 1216 1663 1263 hactenus
1684 1233 1793 1261 cum
1815 1231 1986 1279 magna

566 1294 830 1341 reverentia
858 1293 1102 1341 coluntur.
1140 1293 1265 1352 Quas
1290 1293 1472 1357 primus
1498 1292 1716 1340 omnium
1746 1290 1986 1356 Georgius

566 1371 819 1435 presbyter
861 1381 908 1418 et
941 1381 1102 1418 rector
1136 1370 1410 1418 monasterii
1459 1370 1507 1416 S.
1548 1369 1688 1416 Salvii
1728 1367 1982 1433 martyris,

568 1445 697 1509 quod
715 1447 765 1492 in
782 1464 901 1511 pago
919 1447 1275 1494 Fanomartensi
1289 1482 1307 1503 ,
1325 1447 1377 1492 in
1395 1446 1500 1494 vico
1511 1444 1803 1493 Valentianis
1819 1443 1983 1508 appel-

567 1522 691 1582 lato,
718 1524 766 1569 in
792 1524 894 1588 ripa
920 1523 1095 1569 Scaldis
1119 1522 1252 1569 fluvii
1277 1524 1421 1570 situm
1445 1533 1541 1580 est,
1568 1541 1644 1570 me
1667 1522 1809 1570 dante
1833 1538 1985 1568 susce·

562 1601 658 1663 pit,
681 1610 727 1647 et
744 1618 830 1665 per
843 1600 1094 1665 quemdam
1110 1599 1366 1648 diaconum
1381 1600 1437 1646 ad
1455 1609 1773 1647 memoratum
1791 1616 1979 1646 monas-

565 1677 741 1723 terium
761 1676 818 1723 de
835 1676 1046 1740 Aquensi
1068 1676 1244 1742 palatio
1263 1677 1534 1724 destinavit.
1557 1678 1598 1723 Is
1617 1693 1769 1722 unum
1792 1684 1980 1722 tantum

563 1753 787 1800 comitem
812 1770 970 1800 secum
993 1753 1196 1812 habens,
1221 1772 1330 1800 cum
1354 1754 1404 1800 in
1427 1771 1548 1818 pago
1570 1752 1809 1800 Hasbanio
1833 1753 1891 1799 ad
1913 1752 1982 1798 vi-

563 1847 672 1875 cum
694 1831 879 1895 regium
891 1865 906 1888 ‚
922 1847 1065 1896 quem
1077 1830 1355 1879 Vuasidium
1371 1840 1571 1888 vocant,
1585 1830 1788 1878 venisset
1801 1864 1817 1887 ,
1838 1839 1982 1894 atquc

560 1905 609 1951 in
636 1917 804 1970 prato,
839 1908 969 1972 quod
998 1908 1104 1954 vico
1134 1907 1410 1973 proximum
1447 1917 1574 1969 erat,
1608 1907 1978 1954 reficiendorum

554 1986 887 2046 jumentorum
912 1984 1059 2048 gratia
1083 1984 1397 2032 descendisset
1412 2021 1426 2043 ,
1455 2003 1561 2032 ecce
1581 2001 1703 2031 unus
1722 1984 1779 2031 de
1799 1982 1979 2030 habita·

560 2059 747 2107 toribus
766 2061 859 2108 loci
879 2060 1026 2126 gibbo
1047 2060 1314 2126 depressus,
1336 2062 1539 2108 maxillis
1559 2062 1727 2118 etiam,
1749 2080 1806 2110 ex
1825 2061 1980 2108 nimio

561 2134 778 2182 dentium
802 2136 985 2195 dolore,
1015 2155 1175 2202 quem,
1204 2149 1259 2184 ut
1279 2138 1376 2203 ipse
1395 2137 1599 2196 dicebat,
1625 2137 1868 2184 diutinum
1888 2154 1977 2201 pa-

560 2211 785 2270 tiebatur,
810 2213 962 2262 nimio
986 2223 1174 2262 tumore
1197 2215 1441 2274 distentis,
1471 2216 1656 2262 furcam
1677 2214 1901 2262 ferratam
1925 2214 1975 2261 in

558 2287 683 2334 collo
707 2287 863 2335 ferens
877 2323 890 2345 ‚
915 2289 1038 2336 idem
1059 2301 1250 2353 pratum
1265 2290 1554 2336 furibundus
1576 2290 1800 2348 intravit,
1824 2300 1871 2337 et
1890 2307 1976 2336 cur

554 2373 747 2427 pratum
768 2381 907 2410 suum
925 2365 1306 2429 depascerentur,
1330 2366 1669 2415 stomachando
1688 2377 1975 2432 perconcta-

557 2450 656 2488 tur.
680 2441 766 2487 Cui
788 2442 1036 2499 diaconus,
1059 2444 1139 2508 qui
1163 2443 1383 2509 reliquias
1403 2445 1674 2510 Martyrum
1693 2445 1902 2503 ferebat,
1925 2456 1974 2493 et

557 2535 630 2565 eas
654 2529 770 2565 tunc
795 2519 841 2564 in
868 2520 1141 2567 summitate
1159 2521 1333 2585 virgae,
1355 2539 1494 2586 quam
1519 2521 1584 2570 ob
1608 2521 1699 2569 hoc
1726 2522 1775 2569 in
1804 2522 1969 2570 eodem

603 2649 654 2694 (a)
674 2647 784 2693 Quod
800 2648 950 2695 quidem
968 2660 1042 2683 non
1060 2649 1105 2684 de
1119 2650 1272 2697 integris
1288 2658 1491 2698 martyrum
1508 2651 1672 2700 reliquiis
1689 2652 1970 2700 intelligendum

559 2715 632 2752 est,
660 2707 723 2743 sed
742 2707 788 2742 de
811 2708 1049 2754 pignoribus,
1075 2709 1114 2743 id
1135 2717 1190 2744 est
1213 2709 1259 2745 de
1280 2711 1470 2757 particulis
1493 2712 1724 2758 earumdem,
1749 2712 1967 2760 quibusdam

559 2766 718 2803 ecelesiis
736 2767 780 2803 ab
799 2767 987 2804 Einhardo
1003 2769 1192 2813 concessis,
1211 2776 1253 2806 ut
1270 2770 1392 2807 videre
1407 2778 1462 2807 est
1480 2778 1555 2807 not.
1573 2770 1631 2807 65.
