1979 3348
546 225 808 264 APPENDIX
840 226 1007 264 PRIOR.
1406 226 1482 266 145

77 338 428 352 ........
465 306 685 364 Numquid
705 306 866 365 aliquid
888 308 992 349 mihi
1017 307 1067 349 de
1089 306 1228 349 robus.
1271 340 1278 348 .
1319 338 1327 347 .
1370 340 1377 348 .
1420 340 1426 347 .
1469 341 1476 347 .

71 394 273 445 potestate
296 398 370 426 sua
387 382 487 425 dare
505 382 699 435 deberet,
720 383 836 441 quod
857 383 978 426 valde
996 383 1076 426 sibi
1099 383 1269 442 gravari
1291 382 1479 433 deberet,

71 464 171 522 quia
202 471 326 504 antea
333 494 932 504 .............
968 462 1069 519 quia
1094 477 1173 518 ego
1193 495 1203 514 ,
1238 460 1411 520 quando
1436 461 1479 502 in

71 539 254 582 vinculis
272 537 511 590 tenebatur,
537 537 722 595 aliquam
744 553 789 579 su
801 571 1053 580 ......
1092 555 1190 581 cum
1217 549 1480 581 sacramento

71 617 344 660 vehementer
371 614 651 667 adfirmabat,
688 614 805 673 quod
837 616 937 673 ipse.
975 649 984 657 .
1026 650 1033 657 .
1077 650 1084 657 .
1134 651 1142 658 .
1180 618 1261 659 nisi
1302 617 1483 660 firmiter

71 704 197 753 atque
217 692 509 736 sincerissimae
533 692 577 734 in
597 692 797 734 omnibus
816 691 917 735 fidei
924 726 1178 736 ......
1215 705 1256 737 et
1276 696 1309 737 si
1331 695 1483 738 exinde

72 769 234 828 aliquid
262 769 313 811 de
341 767 461 811 vobis
485 767 609 811 aliter
640 768 825 811 audisset
847 779 919 812 aut
926 804 1479 814 ............

71 848 210 891 Simili
228 847 358 890 modo
390 846 587 906 promisit
613 862 655 889 se
688 847 722 889 si
747 848 976 906 potuisset,
999 849 1188 891 Domino
1209 860 1484 908 cooperante,

76 958 381 967 .......
419 923 690 966 considerare
712 923 861 977 vellet,
886 935 933 967 ut
952 924 1004 967 de
1028 926 1146 968 omni
1172 926 1324 969 itinere
1349 929 1487 969 securi

68 1001 173 1044 fuiss
182 1034 585 1044 .........
629 1002 998 1059 recuperationem
1038 1019 1088 1044 ex
1127 1002 1393 1046 debitoribus
1422 1006 1439 1060 (
1447 1006 1487 1057 1)

70 1079 176 1122 locis
207 1088 454 1121 sanctorum
486 1087 822 1137 caeterorumque
831 1113 1085 1122 ......
1130 1091 1378 1140 paupertate
1422 1081 1488 1123 vel

73 1155 442 1209 incommoditate,
464 1171 542 1198 nee
561 1171 649 1198 non
680 1165 721 1198 et
750 1155 844 1198 loca
870 1167 1116 1200 sanctorum
1138 1157 1160 1200 f
1163 1192 1418 1201 ......
1449 1169 1489 1201 et

70 1234 179 1278 dixit
200 1233 319 1293 quod
337 1243 573 1276 restaurare
591 1234 653 1290 (2)
671 1232 738 1275 vel
756 1234 983 1277 emendare
1007 1252 1228 1295 nunquam
1248 1253 1317 1279 eas
1334 1237 1434 1280 vali.
1453 1271 1460 1279 .
1478 1271 1486 1279 .

269 1345 277 1353 .
309 1311 392 1353 nisi
407 1311 489 1352 Dei
511 1320 552 1353 et
569 1310 749 1353 senioris
769 1311 837 1353 vel
854 1311 1087 1355 multorum
1111 1312 1326 1357 bonorum
1350 1315 1491 1357 homi-

70 1402 174 1428 num
211 1385 327 1429 adsui
337 1420 594 1429 ......
631 1403 757 1446 super
796 1388 898 1431 hoc,
940 1423 947 1430 .
996 1423 1003 1431 .
1052 1424 1059 1431 .
1102 1424 1109 1432 .
1150 1424 1158 1433 .
1210 1425 1217 1433 .
1253 1392 1374 1450 petiit
1410 1392 1490 1433 sibi

68 1464 208 1505 Deum
243 1465 581 1523 omnipotentem
616 1464 674 1506 ita
708 1464 914 1523 adjuvare
944 1467 1010 1524 (3)
1045 1478 1091 1510 ut
1127 1468 1245 1511 vobis
1278 1485 1328 1512 ex
1363 1469 1492 1512 corde

72 1574 378 1584 .......
400 1574 410 1594 ,
446 1541 544 1584 totis
561 1541 733 1585 -viribus
751 1576 761 1595 ,
798 1542 956 1602 absque
992 1543 1093 1587 dolo
1123 1555 1164 1588 et
1189 1546 1487 1599 simulatione,

67 1618 124 1660 ita
151 1617 289 1661 fidelis
317 1619 479 1661 amicus
505 1628 612 1661 esset
636 1618 746 1662 sicut
752 1652 1161 1665 .........
1198 1625 1391 1683 potentia
1415 1641 1490 1667 sua

66 1695 110 1736 in
136 1695 336 1738 omnibus
365 1695 631 1755 suppetisset.
670 1696 734 1738 De
764 1695 974 1739 thesauris
1006 1697 1303 1742 ecclesiasticis
1334 1701 1491 1744 nostris

68 1788 144 1814 cur
150 1806 459 1816 .......
496 1773 752 1831 inquireret,
778 1789 866 1816 non
890 1774 1155 1833 interrogavi
1178 1777 1280 1835 quia
1305 1777 1359 1819 ad
1387 1793 1489 1820 cur-

68 1857 152 1890 tem
171 1849 247 1891 ivit
263 1859 304 1891 et
323 1848 494 1891 Adham
508 1848 904 1907 matricolarius(P)
923 1851 985 1907 (4)
1005 1850 1060 1893 ad
1073 1853 1307 1896 Martianas
1325 1854 1388 1911 (5)
1402 1870 1490 1896 non

66 1925 208 1980 venit,
230 1942 307 1968 cur
325 1927 384 1968 ita
406 1924 650 1978 suisset,Ill.
671 1926 792 1969 vobis
809 1927 893 1970 hoc
913 1944 1125 1987 exponere
1144 1940 1298 1989 potest.
1324 1931 1486 1974 Omnes

65 2002 214 2045 breves
237 2003 442 2061 epicopus
465 2002 515 2045 de
539 2003 751 2046 missatica
773 2020 846 2047 sua
870 2005 941 2047 hic
962 2004 1145 2060 dimisit,
1172 2017 1212 2050 et
1234 2007 1341 2050 dixit
1369 2009 1488 2067 quod

68 2079 185 2123 nulla
216 2079 323 2122 ratio
362 2095 413 2122 ex
449 2095 498 2122 ea
530 2080 623 2139 regi
653 2079 837 2124 indicari
874 2081 1081 2125 noluisset
1102 2116 1112 2136 ,
1147 2094 1377 2143 antequam
1410 2101 1487 2145 per

67 2158 212 2200 omnia
234 2156 466 2216 adimpleta
485 2167 663 2201 teneret.
684 2157 752 2202 Ill.
777 2174 951 2218 quoque
972 2159 1097 2202 obsec
1106 2194 1403 2205 .......
1432 2163 1485 2204 ad

66 2237 348 2278 Camaracum
369 2234 580 2293 dirigatis,
593 2236 694 2294 quia
714 2235 837 2279 valde
859 2236 977 2279 utilis
1002 2253 1089 2281 esse
1103 2248 1257 2298 potest,
1271 2249 1312 2281 et
1331 2255 1485 2283 aurum

114 2392 164 2435 (ι)
188 2389 281 2426 Cod.
303 2389 499 2425 debilibus.

111 2458 162 2502 (2)
183 2455 276 2491 Cod.
304 2461 518 2491 restaurat-1.

111 2519 162 2567 (3)
187 2519 278 2556 Cod.
298 2518 482 2566 adjuvari.

111 2585 163 2630 (4)
188 2584 282 2620 Cod.
303 2585 461 2619 matieol.

110 2648 160 2695 (5)
186 2648 459 2693 marchiennes,
482 2660 544 2684 sur
558 2649 591 2684 la
604 2649 754 2697 Scarpe,
771 2649 1009 2696 aujourd’hui
1024 2650 1145 2697 boui-g
1160 2650 1209 2685 du
1224 2651 1478 2698 departemeut

65 2711 115 2746 du
129 2712 243 2756 Nord,
265 2715 283 2746 Ξι
305 2714 326 2755 4
339 2711 452 2747 lieues
471 2713 512 2747 E.
529 2712 574 2747 de
586 2713 703 2748 Douai
718 2713 1129 2761 (Flandre-Wallone.).

296 2793 348 2823 11.
1268 2796 1318 2825 ΙΟ
