2105 3348
620 220 696 258 274
920 217 1164 256 IISITORIA
1194 217 1618 265 TRANSLATIONIS,
1650 232 1730 259 Ere.

620 301 898 347 comitatum
929 297 1132 361 perrexi.
1177 297 1297 343 Nam
1335 297 1595 360 imperator
1635 299 1943 348 Hludowicus
1976 319 2031 348 eo

621 390 835 440 tempore
877 374 1161 440 Aquisgrani
1203 375 1377 439 palatio
1415 375 1703 433 consistens,
1740 389 2031 425 conventum

619 471 871 519 procerum
896 451 960 498 ibi
995 452 1094 499 fieri
1122 454 1270 500 media
1306 453 1403 499 sere
1432 452 1584 500 hieme
1612 466 1926 519 praeceperat;
1948 457 2031 503 ubi

620 542 666 577 et
687 547 774 594 ego
800 530 925 575 inter
946 539 1142 577 caeteros
1161 531 1475 594 adessejussus
1490 565 1502 585 ,
1524 531 1633 595 quia
1654 531 1711 578 de
1734 532 1905 578 vicinia
1929 532 2035 580 bea-

621 620 782 655 torum
801 608 1070 672 Martyrum
1094 607 1251 655 abesse
1275 607 1496 672 cogebar,
1534 626 1705 671 parum
1730 609 1961 673 jucundas
1987 611 2034 656 in

619 685 794 749 palatio
812 703 967 731 moras
982 684 1228 732 faciebam.
1247 685 1451 750 Ideoque
1464 696 1572 748 post
1588 703 1755 742 unum,
1771 704 1825 733 ex
1840 704 1937 751 quo
1954 687 2037 734 illo

619 781 860 820 veneram,
880 781 1091 810 mensem
1104 775 1319 810 exactum
1333 799 1346 819 ,
1365 763 1471 809 misi
1489 763 1742 828 quemdam
1761 781 1817 811 ex
1841 765 2037 821 nostris,

620 840 818 887 nomine
858 839 1228 897 Ellenhardum,
1274 841 1556 904 praecipiens
1596 841 1634 887 ei
1679 851 1734 887 ut
1777 841 1830 887 ad
1875 841 2040 887 limina

623 917 873 965 beatorum
903 918 1173 983 Martyrum
1192 929 1367 982 quauta
1395 928 1553 982 posset
1580 918 1819 966 celeritate
1841 918 2044 966 festina-

624 1007 721 1052 ret,
763 996 1054 1060 visitatisque
1095 995 1326 1042 fratribus
1362 997 1567 1053 nostris,
1597 1014 1718 1061 quos
1751 997 1859 1044 inde
1890 997 2044 1061 digre-

625 1074 757 1120 diens
774 1072 829 1119 ad
853 1073 1070 1119 divinum
1087 1074 1334 1120 servitium
1365 1074 1635 1121 faciendum
1660 1075 1724 1121 ibi
1755 1076 2042 1132 dimiseram,

627 1162 766 1217 atque
797 1150 1022 1198 omnibus
1064 1168 1172 1215 quae
1210 1151 1386 1198 ibidem
1414 1164 1671 1216 agerentur
1694 1152 1949 1218 diligenter
1974 1171 2048 1200 ex-

625 1229 839 1293 ploratis,
855 1229 911 1274 ad
929 1246 1016 1275 nos
1033 1229 1129 1275 cito
1146 1240 1432 1276 recurreret.
1453 1229 1545 1289 Qui
1569 1247 1679 1276 cum
1698 1230 1811 1277 illuc
1825 1231 2044 1287 venisset,

628 1307 782 1353 tribus
805 1305 868 1352 ibi
896 1307 1071 1352 mansit
1090 1306 1273 1353 diebus.
1303 1307 1487 1367 Quarto
1511 1325 1625 1356 vero
1647 1326 1755 1354 cum
1774 1310 1872 1372 jam
1887 1308 1945 1354 ad
1963 1325 2049 1355 nos

627 1386 800 1433 reverti
828 1384 1120 1448 disponeret,
1144 1402 1295 1431 caecus
1323 1385 1418 1442 ille,
1441 1387 1639 1433 nomine
1661 1386 1902 1444 AlbricuS,
1919 1389 2050 1451 cujus

631 1465 680 1510 in
694 1463 1020 1528 superioribus
1041 1462 1238 1510 fecimus
1265 1464 1556 1511 mentionem
1573 1465 1676 1529 (a),
1698 1465 1906 1512 detinuit
1922 1465 2052 1512 abire

630 1553 900 1606 parantem;
928 1541 1162 1587 affirmans
1189 1559 1298 1588 eum
1317 1559 1414 1588 non
1440 1542 1571 1606 prius
1591 1543 1682 1589 iter
1704 1561 1843 1589 suum
1870 1544 2055 1608 ingres—

633 1638 796 1666 surum
814 1637 956 1684 quam
983 1619 1071 1666 tale
1093 1620 1285 1683 signum
1308 1618 1409 1666 fieri
1433 1620 1624 1667 vidisset
1642 1656 1654 1677 ,
1677 1622 1807 1684 cujus
1824 1620 2054 1667 relatione

635 1716 710 1745 me
729 1698 894 1744 laetum
920 1708 1062 1762 atque
1086 1696 1266 1762 oppido
1293 1698 1579 1762 gaudentem
1606 1699 1825 1746 efficeret.
1860 1698 2057 1745 Addidit

638 1777 805 1832 etiam,
837 1775 1132 1823 beatissimos
1164 1776 1401 1840 Martyres
1428 1777 1670 1840 praeterita
1704 1788 1847 1824 nocte
1882 1776 1971 1822 sibi
2005 1777 2056 1822 in

635 1854 815 1901 somnis
839 1854 1131 1917 apparuisse,
1160 1864 1306 1918 atque
1330 1853 1420 1900 hoc
1449 1854 1496 1900 in
1529 1853 1762 1900 mandatis
1796 1853 1974 1901 dedisse
2004 1863 2059 1899 ut

635 1932 936 1996 perquireret
948 1931 1199 1996 quemdam
1213 1949 1488 1996 pauperem,
1504 1932 1701 1978 nomine
1714 1930 1751 1978 G
1762 1931 2055 1987 isalbertum,

639 2010 834 2056 immani
855 2008 1003 2074 gibbo
1023 2009 1321 2073 depressum,
1348 2028 1400 2056 ac
1429 2009 1634 2074 proinde
1657 2028 1857 2056 curvum
1883 2019 1929 2057 et
1950 2009 2059 2056 bre-

639 2087 774 2134 vibus
783 2086 962 2133 baculis
980 2088 1265 2134 innitentem
1279 2107 1292 2145 3
1308 2099 1448 2153 atque
1461 2090 1710 2135 inventum
1726 2089 1777 2135 in
1788 2088 2055 2145 coenaculo,

638 2164 767 2229 quod
787 2182 926 2227 supra
949 2165 1193 2228 porticum
1219 2164 1421 2212 basilicae
1447 2177 1516 2212 est
1533 2201 1546 2222 ,
1588 2176 1803 2229 tempore
1833 2165 2059 2212 matutini

638 2242 776 2289 officii
795 2277 807 2298 ,
832 2244 966 2305 juxta
991 2242 1214 2306 reliquias
1241 2261 1348 2307 quae
1387 2242 1451 2288 ibi
1477 2254 1613 2290 erant
1631 2279 1641 2298 ,
1682 2243 1938 2290 collocaret
1966 2264 1976 2288 :
2004 2259 2060 2289 eo

640 2319 767 2384 quod
788 2318 852 2363 ibi
868 2353 880 2374 ,
900 2335 985 2382 per
1003 2320 1173 2366 merita
1200 2330 1247 2366 et
1272 2321 1499 2367 virtutem
1519 2331 1819 2377 sanctorum,
1851 2338 2061 2385 quorum

642 2395 735 2442 illae
768 2395 983 2459 reliquiae
1018 2405 1195 2453 essent,
1229 2397 1286 2443 de
1313 2397 1388 2442 illa
1421 2396 1553 2462 gibbi
1593 2397 1897 2445 deformitate
1921 2408 2062 2463 atque

640 2472 1210 2519 curvitatis'incommodo
1229 2472 1419 2521 liberari
1441 2474 1652 2523 deberet.
1676 2475 1930 2523 Paruitille
1956 2493 2063 2521 sua-

639 2550 799 2606 denti,
829 2560 971 2615 atque
993 2551 1100 2606 iter,
1127 2551 1257 2616 quod
1282 2551 1472 2617 aggredi
1496 2564 1772 2618 paraverat,
1803 2553 1990 2600 distulit
2012 2552 2060 2598 in

689 2744 739 2786 (a)
767 2742 854 2778 vid.
879 2756 977 2790 supr.
1002 2756 1100 2778 num.
1124 2743 1181 2791 59.
