2105 3348
613 303 683 338 113
1036 293 1289 332 EINHARDI
1321 292 1593 333 EPISTOLAE.

608 397 692 442 per
725 394 900 431 aevum,
943 376 988 419 in
1024 373 1171 437 gloria
1207 369 1387 418 coelesti
1423 373 1513 436 (ι),
1548 371 1748 436 gaudere
1784 374 1877 419 suis
1910 389 2018 420 cum

608 456 794 502 sanctis.

1328 591 1396 599 .....
1425 566 1559 599 Dextra

789 626 1020 672 Clavigerum
1041 624 1114 659 sola
1134 637 1179 659 ne
1199 632 1430 671 mergeretur
1447 625 1582 668 erexit,

790 689 895 730 Quae,
916 685 1051 732 pietate
1069 685 1155 724 Dei,
1176 685 1287 719 vitam
1303 697 1369 731 per
1387 684 1505 720 secula
1526 691 1654 731 regnat
1672 686 1733 729 (2).

940 841 1068 880 LXVI
1085 844 1155 889 (3).
1190 841 1256 880 AD
1286 840 1334 879 N.
1371 841 1676 880 EPISCOPUM.

1005 948 1046 981 ln
1069 958 1222 993 persona
1240 945 1406 993 ejusdem
1424 946 1614 982 clientum.

666 1064 926 1113 Obtutibus
961 1066 1034 1129 (4)
1076 1065 1455 1129 praestantissimi
1495 1064 1721 1110 antistitis
1762 1063 2018 1110 humillimi

602 1143 816 1191 clientuli
831 1144 973 1190 vestri
990 1143 1143 1207 apices
1160 1143 1414 1206 praecipuae
1429 1142 1668 1188 servitutis
1684 1141 1886 1206 dirigere
1903 1152 2020 1187 sata-

600 1232 743 1287 gunt;
771 1222 1046 1268 intimantes
1069 1220 1376 1268 devotionem
1390 1256 1402 1277 ‚
1423 1222 1559 1284 juxta
1579 1219 1831 1266 modulum
1852 1236 2022 1266 eorum

599 1300 925 1365 possibilitatis
941 1301 1032 1364 (5),
1054 1317 1258 1364 pronam
1284 1299 1406 1355 fieri,
1434 1300 1470 1345 si
1495 1299 1678 1345 almitas
1692 1308 1861 1346 vestrae
1886 1297 2021 1344 celsi-

601 1377 781 1424 tudinis
804 1378 1029 1425 mandare
1053 1394 1154 1424 non
1177 1376 1520 1442 dedignaverit.
1547 1378 1600 1423 ln
1626 1375 1760 1424 omni
1787 1374 2020 1439 obsequio

600 1467 759 1504 vestro
783 1467 1174 1521 vestrorumque,
1197 1467 1243 1504 et
1266 1456 1513 1520 deinceps,
1541 1456 1636 1502 sive
1651 1457 1788 1519 juxta
1808 1454 2021 1501 clemen-

600 1534 716 1581 tiam
733 1535 1003 1599 praesentiae
1030 1544 1200 1582 vestrae
1225 1534 1396 1598 positi,
1424 1551 1504 1580 seu
1525 1531 1815 1597 ubicumque
1844 1531 2019 1578 versari

599 1612 825 1660 videntur
841 1648 854 1669 ,
905 1611 1113 1660 libenter
1158 1612 1356 1676 professi
1402 1621 1514 1657 sunt
1564 1610 1730 1658 vestris
1779 1609 2020 1656 mellifluis

600 1687 931 1754 obtemperare
966 1690 1216 1737 mandatis.
1255 1689 1394 1737 Nunc
1434 1705 1548 1736 vero
1570 1724 1583 1745 ,
1625 1687 1840 1752 quamvis
1876 1685 2020 1732 nullis

601 1762 899 1829 exigentibus
915 1764 1098 1811 meritis
1112 1799 1125 1821 ,
1149 1775 1306 1810 tamen
1325 1763 1537 1827 alloquio
1560 1772 1730 1809 vestrae
1746 1760 2021 1824 promissio-

601 1842 674 1889 nis
692 1843 885 1900 confisi,
903 1860 1100 1890 monere
1120 1860 1219 1889 nou
1237 1842 1452 1888 titubant
1467 1841 1690 1905 pietatem
1709 1849 1877 1886 vestrae
1899 1839 2020 1885 cari-

600 1916 724 1962 tatis.
756 1915 918 1963 Valeat
945 1915 1190 1963 beatitudo
1217 1926 1386 1962 vestra.

971 2243 989 2259 ‘⁶
1013 2243 1175 2281 LXVII.
1205 2245 1272 2282 AD
1301 2245 1345 2282 N.
1378 2243 1635 2282 COMITEM.

667 2357 719 2402 ln
739 2354 1139 2420 nomineDomini
1160 2357 1313 2404 nostri
1327 2357 1438 2404 Jesu
1451 2355 1647 2413 Christi,
1673 2355 1733 2403 N.
1751 2356 1804 2419 (i.
1828 2374 1869 2404 e.
1892 2357 2019 2404 Ein-

647 2505 700 2550 (ι)
724 2503 816 2540 Cod.
835 2503 1003 2538 coelestz's.

649 2565 699 2609 (α)
724 2564 868 2599 Horum
883 2561 1146 2597 versiculorum
1163 2563 1254 2599 alter
1266 2564 1323 2598 bis
1340 2570 1467 2598 contra
1478 2565 1734 2611 quantitatem,
1751 2564 1841 2600 alter
1854 2571 2017 2600 contram

603 2624 877 2671 grammaticam
894 2629 1035 2670 peccat,
1057 2630 1092 2658 et
1111 2624 1167 2658 vix
1188 2623 1342 2670 intelligi
1365 2631 1495 2671 potest.

647 2683 699 2729 (3)
726 2695 806 2718 tvm
823 2684 861 2717 in
878 2682 967 2717 edit.

651 2744 702 2788 (4)
726 2741 1032 2788 Cod-optutibus.

652 2801 701 2845 (5)
727 2803 780 2837 Ita
798 2801 908 2836 habet
924 2801 1055 2843 codex;
1075 2799 1163 2836 edit.
1180 2802 1208 2846 j.
1231 2800 1377 2835 madum
1397 2816 1423 2835 e.
1441 2802 1687 2847 possibilitati.
