2105 3348
572 263 647 301 214
863 261 1101 299 HISTORIA
1132 261 1548 307 TRANSLATIONIS,
1582 275 1660 301 Ere.

570 357 616 385 ea
636 339 709 384 die
730 336 940 382 inchoari
960 353 1093 400 posse
1118 337 1314 383 minime
1331 336 1585 383 videretur.
1608 338 1695 384 Sed
1718 338 1841 383 illam
1862 355 1970 385 nos-

569 426 688 460 tram
726 412 1100 469 dubitationem,
1143 432 1198 461 ex
1235 413 1512 460 infirmitate
1539 413 1643 461 fidei
1674 415 1966 471 venientem,

567 506 764 552 superna
796 490 942 552 gratia
969 507 1052 552 per
1082 506 1276 536 suorum
1303 490 1470 536 merita
1495 500 1768 537 sanctorum
1788 526 1801 546 ,
1830 491 1970 555 longe

565 567 698 613 aliter
722 577 862 631 atque
889 567 1279 624 existimavimus,
1327 567 1496 616 habere
1528 586 1574 615 se
1607 568 1749 624 fecit3
1781 568 1972 633 quando

566 645 686 688 viam
702 679 713 699 ,
736 661 822 707 per
845 661 987 708 quarn
1016 646 1317 702 incessimus,
1346 646 1394 691 in
1419 645 1556 691 aliam
1582 662 1724 710 quam
1751 644 1973 708 speraba-

566 732 643 766 tur
673 721 947 785 qualitatem
982 722 1181 768 vidimus
1206 722 1349 770 fnisse
1380 732 1720 770 commutatam
1748 742 1759 768 ε
1794 740 1904 769 nam
1928 732 1975 768 et

564 797 649 843 luti
678 815 845 861 parum
871 798 1160 857 invenimus,
1185 809 1232 846 et
1255 801 1408 856 rivos,
1437 801 1517 864 qui
1545 801 1592 846 in
1621 809 1715 845 tam
1737 798 1975 863 grandiae

555 876 657 940 jugi
678 876 834 939 pluvia
849 912 860 931 ,
891 887 944 922 ut
967 894 1015 924 ea
1036 887 1177 924 nocte
1201 888 1301 924 erat
1321 914 1333 934 ,
1357 895 1564 925 crescere
1585 876 1827 933 solebant,
1854 893 1975 940 pene

562 952 680 999 nihil
714 954 911 1000 crevisse
942 955 1222 1018 reperimus.
1262 954 1354 1002 Ubi
1389 972 1502 1002 vero
1535 954 1592 1001 de
1629 955 1748 1000 saltu
1774 953 1971 1017 egressi,

559 1031 797 1093 proximas
817 1031 950 1077 villas
971 1034 1268 1088 accessimus,
1291 1033 1621 1097 frequentibus
1641 1031 1900 1079 obviorum
1923 1048 1976 1076 ac

559 1109 658 1156 Deo
690 1109 845 1156 laudes
874 1109 1135 1157 dicentium
1162 1110 1314 1157 turbis
1341 1112 1604 1174 excipimur
1634 1131 1644 1156 ε
1671 1111 1752 1175 qui
1776 1127 1862 1156 nos
1891 1127 1973 1173 per

559 1196 668 1232 octo
688 1184 785 1232 fere
812 1186 1055 1251 leugarum
1079 1189 1282 1252 spatium
1307 1188 1544 1240 comitati,
1568 1186 1705 1234 nobis
1725 1204 1777 1232 ac
1798 1186 1972 1232 nostris

560 1272 606 1308 et
625 1263 673 1307 in
698 1280 829 1309 sacro
854 1280 998 1311 onere
1021 1264 1219 1313 ferendo
1239 1265 1397 1312 devoti
1424 1264 1687 1329 adjutores,
1712 1275 1758 1311 et
1783 1264 1832 1309 in
1856 1263 1972 1310 divi—

559 1340 629 1384 nis
651 1339 865 1386 laudibus
890 1341 1100 1388 dicendis
1126 1343 1315 1406 impigri
1346 1342 1479 1389 fuere
1508 1352 1836 1389 concentores.

627 1821 702 1866 49.
730 1820 793 1867 At
819 1820 897 1867 ubi
917 1821 1146 1878 vidimus,
1175 1823 1305 1887 quod
1330 1840 1378 1869 ea
1399 1823 1473 1869 die
1503 1823 1559 1869 ad
1583 1822 1741 1870 locum
1763 1823 1973 1870 destina-

560 1907 662 1942 tum
692 1897 941 1961 pervenire
972 1915 1071 1945 non
1099 1910 1395 1962 poteramus,
1423 1899 1703 1946 divertimus
1727 1897 1783 1945 ad
1813 1898 1973 1945 villam

560 1973 772 2021 Ostheim
793 1975 1074 2039 appellatam
1087 2012 1099 2033 ,
1130 1994 1237 2041 quae
1257 1977 1345 2023 viae
1362 1987 1540 2024 nostrae
1560 1977 1781 2041 contigua
1808 1993 1976 2024 cerne-

558 2052 700 2098 batur
720 2072 733 2110 ;
761 2062 808 2099 et
826 2053 1088 2101 inclinante
1105 2056 1203 2118 jam
1219 2072 1433 2119 vespera,
1455 2056 1505 2102 in
1516 2054 1756 2102 basilicam
1773 2055 1828 2100 Β.
1848 2055 1976 2101 Mar—

563 2131 678 2186 tini,
701 2148 807 2195 quae
828 2131 877 2176 in
905 2131 1064 2179 eadem
1084 2132 1195 2178 villa
1214 2143 1309 2188 est,
1337 2144 1494 2179 sancta
1518 2133 1596 2179 illa
1616 2149 1815 2196 corpora
1840 2132 1976 2177 intu—

563 2207 704 2252 limus
718 2228 728 2252 :
743 2217 790 2253 et
800 2208 938 2254 sociis
951 2209 1126 2255 nostris
1137 2209 1193 2255 ad
1204 2208 1424 2256 excubias
1434 2208 1667 2256 ducendas
1679 2207 1974 2263 ibidimissis,

565 2301 651 2348 ego
669 2300 778 2330 cum
796 2284 977 2348 paucis,
997 2285 1054 2331 ad
1069 2285 1227 2332 locum
1241 2303 1338 2351 quo
1355 2285 1660 2333 tendebamus
1674 2322 1686 2341 ,
1708 2284 1978 2332 festinando

565 2361 806 2424 praeces3i;
835 2372 882 2408 et
907 2379 955 2408 ea
971 2399 981 2419 ,
1009 2380 1113 2427 quae
1139 2363 1195 2409 ad
1221 2364 1543 2428 receptionem
1573 2374 1846 2410 sanctorum
1867 2379 1979 2410 cor-

566 2458 739 2505 porum
774 2457 883 2504 usus
918 2441 1211 2504 postulabat,
1250 2459 1335 2506 per
1365 2453 1555 2489 noctem
1587 2443 1866 2506 praeparavi.
1907 2440 1978 2487 Ad

566 2519 803 2566 basilicam
836 2537 973 2573 vera),
1000 2520 1046 2565 in
1073 2538 1160 2584 qua
1185 2521 1377 2567 illorum
1409 2531 1758 2568 sacrosanctum
1785 2519 1977 2567 thesau-

568 2615 673 2642 rum
709 2596 993 2652 dimisimus,
1032 2598 1400 2643 sanctimonialis
1436 2597 1652 2662 quaedam
1687 2596 1942 2660 paralytica
1964 2630 1974 2650 ,

569 2675 762 2720 nomine
801 2674 1072 2737 Ruodlang,
1109 2675 1165 2719 de
1194 2677 1483 2722 monasterio
1527 2675 1805 2732 Makesbah,
1849 2672 1977 2736 quod

567 2751 624 2795 al)
651 2751 806 2796 vadem
829 2752 1014 2796 ecelesia
1045 2752 1181 2797 unius
1205 2752 1347 2813 lcngae
1371 2755 1521 2816 spatio
1539 2754 1828 2816 disparatum
1849 2760 1974 2805 erat,
