2105 3348
572 237 623 274 <34
1001 228 1254 270 EINHARDI
1288 229 1558 268 EPISTOLAE.

786 372 991 412 XXXVII.
1027 372 1092 410 AD
1122 371 1170 411 N.
1207 370 1584 409 VICEDOMINUM
1615 371 1776 410 SUUM.

642 485 691 528 ln
724 479 894 526 Christi
929 478 1124 524 nomine
1158 476 1451 530 Einhardus,
1490 475 1550 521 N.
1585 475 1903 524 vicedomino.
1927 503 1990 510 —

576 562 805 605 Miramur
834 555 964 601 valde
991 566 1188 619 propter
1209 554 1339 619 quod
1367 555 1438 616 (ι)
1463 553 1623 600 omnia
1652 553 1716 599 sic
1748 570 1991 600 remanere

575 636 837 701 potuissent
853 670 864 689 ,
887 633 1008 678 sicut
1024 641 1355 678 remanserunt
1371 666 1382 685 ‚
1406 648 1513 695 quae
1533 628 1619 676 tibi
1638 629 1848 676 facienda
1867 647 1993 677 com-

576 713 805 759 misimus.
837 710 976 765 Nam,
1003 709 1126 754 sicut
1155 708 1444 764 audivimus,
1473 707 1529 754 de
1550 707 1626 753 illa
1656 724 1871 763 annona,
1898 707 1994 754 sive

574 790 629 836 ad
666 789 867 836 farinam
892 823 903 842 ,
952 787 1047 833 sive
1087 785 1143 832 ad
1182 785 1371 832 bracem
1410 786 1670 833 faciendam
1695 821 1706 842 ,
1755 801 1897 850 quam
1938 785 1995 829 acl

576 865 860 914 'Mulinheim
884 864 1074 910 mittere
1099 861 1331 918 debuisti,
1365 862 1486 909 nihil
1519 863 1684 909 misisti
1717 883 1726 907 :
1758 879 1845 908 nec
1868 859 1995 906 aliud

578 944 754 1009 aliquid
769 979 781 1000 ,
805 943 891 988 nisi
920 942 1114 1006 triginta
1133 958 1329 1005 porcos,
1351 951 1397 987 ct
1422 940 1527 988 illos
1549 942 1672 1005 ipsos
1692 957 1790 987 nou
1811 938 1964 986 bonos
1981 975 1992 995 ,

579 1022 657 1069 sed
677 1020 936 1068 mediocres
948 1055 960 1076 ,
984 1030 1029 1066 et
1050 1030 1143 1066 tres
1162 1018 1347 1067 modios
1368 1019 1425 1066 de
1447 1018 1683 1084 legumine
1708 1038 1718 1064 ε
1742 1018 1799 1065 de
1822 1027 1996 1064 caetero

582 1100 717 1146 nihil.
740 1101 801 1146 Et
822 1116 921 1146 non
946 1098 1100 1145 solum
1120 1096 1230 1156 hoc,
1251 1095 1328 1144 sed
1346 1097 1487 1144 etiam
1508 1096 1625 1143 illud
1642 1095 1792 1162 quod,
1821 1096 1869 1142 in
1895 1105 1998 1141 toto

581 1177 784 1226 hiberno
803 1178 909 1234 isto,
931 1193 1018 1223 nec.
1038 1186 1101 1232 te,
1122 1193 1210 1222 nec
1228 1175 1425 1221 missum
1442 1184 1580 1220 tuum
1597 1174 1821 1239 aliquem,
1842 1173 1999 1220 videre

580 1257 848 1321 potuimus,
881 1256 961 1320 qui
984 1253 1123 1302 nobis
1146 1253 1326 1318 aliquid
1349 1254 1406 1301 de
1439 1254 1536 1299 istis
1563 1252 1779 1318 partibus
1808 1251 2000 1298 adnun-

581 1334 737 1379 tiaret.
771 1332 911 1393 Quod
943 1332 978 1378 si
1014 1332 1243 1395 majorem
1268 1330 1527 1377 utilitatem
1549 1330 1607 1377 de
1629 1330 1889 1377 Frideslare
1915 1327 2002 1375 ha-

582 1410 693 1457 bere
712 1428 810 1457 non
828 1426 1078 1474 possumus
1093 1445 1105 1465 ‚
1129 1409 1215 1456 nisi
1239 1419 1475 1473 quantum
1508 1419 1560 1454 tu
1586 1425 1672 1455 nos
1698 1407 1806 1454 inde
1830 1405 2002 1454 habere

581 1486 757 1543 fecisti,
779 1487 1014 1533 nescimus
1031 1503 1117 1532 cur
1133 1485 1250 1532 illud
1262 1485 1551 1532 beneficium
1568 1484 1741 1532 habere
1754 1483 1997 1531 debemus.

581 1563 721 1609 Nunc
757 1579 896 1628 ergo,
935 1563 971 1608 si
1017 1561 1103 1607 tibi
1140 1561 1197 1608 de
1238 1562 1385 1626 gratia
1421 1571 1584 1608 nostra
1626 1560 1721 1607 ulla
1760 1577 1872 1606 cura
1908 1560 1999 1616 sit,

583 1659 803 1706 rogamus
829 1651 884 1687 ut
907 1640 1246 1705 negligentiam
1272 1651 1399 1686 tuam
1428 1639 1677 1687 emendare
1706 1638 1918 1696 studeaS,
1957 1650 2002 1685 et

584 1737 671 1767 nos
696 1721 791 1768 cito
818 1729 972 1768 certos
996 1720 1162 1767 efficias
1185 1719 1298 1784 quid
1321 1719 1378 1766 de
1406 1729 1449 1766 te
1474 1735 1662 1782 sperare
1687 1717 1929 1765 debemus.

955 1935 1185 1975 XXXVIII.
1218 1938 1284 1975 AD
1316 1935 1563 1975 FRATREM
1592 1935 1625 1974 N

646 2040 831 2087 Dilecto
850 2039 986 2086 fratri
1008 2041 1090 2098 N„
1114 2040 1381 2088 Einhardus
1401 2042 1449 2088 in
1470 2041 1678 2088 Domino
1702 2041 1915 2088 salutem.
1940 2069 2003 2076 -—

584 2118 816 2165 Volumus
847 2129 900 2164 ut
929 2119 1195 2184 Egmunelo
1226 2120 1284 2167 de
1316 2119 1465 2168 verbo
1485 2130 1654 2167 nostro
1679 2120 1924 2184 praecipias
1949 2130 2004 2165 ut

583 2196 722 2243 faciat
744 2196 884 2243 nobis
903 2197 1069 2245 lateres
1086 2199 1358 2263 quadratOS,
1377 2198 1601 2246 habentes
1615 2200 1665 2245 in
1685 2216 1880 2246 omnem
1900 2215 2004 2261 par-

587 2285 682 2322 tem
711 2274 828 2322 duos
862 2276 997 2338 pedes
1022 2277 1259 2325 manuales
1292 2288 1339 2325 et
1362 2287 1570 2343 quatuor
1599 2276 1771 2341 digitos
1802 2276 1851 2322 in
1879 2292 2004 2322 cras-

585 2352 837 2398 situdinem
858 2388 876 2420 ,λ
909 2370 1111 2401 numero
1142 2371 1230 2411 Lx,
1267 2365 1315 2402 et
1354 2355 1469 2402 alios
1511 2355 1744 2411 minores,
1786 2353 2004 2400 similiter

586 2429 855 2494 quadratOS,
879 2428 1102 2478 habentes
1123 2432 1170 2478 in
1185 2449 1379 2480 omnem
1396 2443 1578 2497 partem
1597 2449 1747 2478 unum
1766 2431 2002 2478 semissem

587 2515 631 2553 ct
652 2516 859 2570 quatuor
876 2505 1072 2570 digitos,
1093 2519 1139 2555 et
1166 2509 1213 2555 in
1235 2510 1542 2556 crassitudine
1567 2508 1739 2573 digitos
1759 2519 1853 2555 tres
1869 2543 1882 2563 ,
1910 2525 2004 2554 nu-

631 2736 681 2779 (ι)
706 2735 798 2770 Cod.
816 2736 1008 2782 quidquid.
