2105 3348
552 244 604 280 (32
976 233 1228 272 EINHARDI
1260 230 1531 270 EPISTOLAE.

557 318 785 383 nignitate
809 315 881 378 (ι)
910 329 1186 376 permanere
1211 310 1371 357 vellet.
1399 311 1452 356 In
1478 325 1534 356 eo
1557 308 1800 365 videlicet,
1836 319 1890 356 ut
1913 311 1962 356 in

557 402 827 458 paupertate
861 388 1177 436 constitutum
1206 388 1277 451 (2)
1307 387 1364 433 de
1387 385 1688 433 facultatibus
1714 387 1808 432 suis
1832 386 1965 450 adju-

558 488 663 517 vare
691 469 934 533 dignetur,
957 475 1038 521 ut,
1073 476 1270 529 propter
1301 464 1554 528 penuriam
1576 474 1624 510 et
1655 463 1963 528 indigentiam

555 565 714 595 rerum
744 544 1109 591 necessariarum
1132 543 1234 606 (3),
1272 541 1519 589 necessitas
1550 540 1618 587 illi
1648 558 1747 588 non
1782 540 1967 588 eveniat

556 625 689 670 illum
719 623 878 670 locum
908 620 1192 678 omittendi,
1220 621 1266 665 in
1299 637 1397 685 quo
1430 636 1538 666 eum
1563 619 1661 683 ipse
1693 619 1962 665 constituit.

555 701 693 762 Quod
728 699 946 763 profecto
977 699 1188 756 eveniet,
1224 699 1313 744 nisi
1350 697 1409 744 ab
1443 715 1499 745 eo
1531 697 1630 762 (4),
1663 714 1724 744 ne
1753 696 1964 753 eveniat,

552 779 698 826 fuerit
716 789 826 824 ante
843 777 1106 842 provisum.
1130 776 1318 823 Leviter
1338 775 1428 822 hoc
1446 774 1689 839 provideri
1708 774 1909 838 poterit,
1930 774 1966 819 si

555 859 603 903 in
631 856 872 921 promissis
892 856 1010 912 suis,
1038 853 1212 920 quibus
1239 872 1347 901 eum
1370 854 1427 900 ad
1452 853 1539 901 sibi
1572 852 1968 901 consentiendum

556 934 842 999 [compulit]
869 934 968 997 (5),
988 949 1264 996 permanere
1283 932 1505 979 voluerit.
1525 931 1652 995 Opto
1671 930 1971 977 sanctitatem

556 1022 759 1058 vestram
780 1047 793 1068 ,
847 1021 1023 1057 nostrae
1069 1009 1340 1074 pusillitatis
1389 1026 1654 1057 memorem
1692 1026 1877 1072 semper
1922 1008 1970 1053 in

555 1089 769 1145 Christo,
798 1088 918 1136 bene
943 1088 1096 1135 valere
1122 1088 1170 1134 in
1194 1087 1423 1135 Domino.

988 1476 1177 1515 XXXVI.
1211 1478 1278 1515 AD
1311 1475 1538 1514 AMICUM.

621 1583 809 1630 Dilecto
842 1581 980 1628 fratri
1023 1591 1070 1629 et
1109 1582 1262 1630 amico
1303 1581 1545 1628 carissimo
1582 1580 1642 1627 N.
1651 1616 1665 1638 ‚
1709 1578 1973 1627 Eiuliardus

554 1672 783 1708 aeternam
809 1660 856 1706 in
882 1660 1093 1707 Domino
1110 1659 1327 1707 salutem.
1349 1688 1412 1695 —
1431 1659 1492 1705 N.
1516 1676 1673 1706 comes
1691 1659 1878 1722 rogavit
1899 1676 1974 1705 me

555 1750 610 1785 ut
630 1749 674 1786 te
694 1756 913 1803 precarer
936 1738 993 1785 de
1018 1738 1108 1784 illis
1128 1738 1285 1802 porcis
1301 1773 1314 1795 ,
1344 1754 1465 1803 quos
1488 1749 1541 1783 tu
1566 1737 1614 1782 in
1639 1739 1738 1800 ejus
1756 1736 1975 1782 ministe-

555 1819 680 1864 rium
701 1817 758 1864 ad
776 1817 1060 1881 pascendum
1081 1817 1275 1872 misisti,
1294 1826 1349 1862 ut
1363 1816 1403 1862 ei
1421 1816 1584 1863 liceret
1599 1814 1787 1862 eosdem
1803 1831 1974 1878 porcos

555 1893 643 1941 sibi
669 1894 904 1952 retinere,
939 1910 1088 1958 usque
1116 1893 1270 1958 [quo]
1300 1893 1547 1939 crassiores
1577 1902 1625 1939 et
1651 1891 1871 1938 meliores
1894 1890 1975 1938 fie-

556 1980 665 2017 rent
680 2005 693 2026 ‚
714 1979 761 2016 et
780 1969 858 2016 ille
881 1985 959 2016 eos
978 1971 1109 2033 justo
1130 1970 1286 2033 pretio
1307 1968 1366 2015 ad
1389 1986 1509 2033 opus
1527 1968 1826 2015 dominicum
1843 1984 1969 2014 com-

556 2057 779 2112 parasset.
806 2047 890 2094 Ille
917 2047 1044 2094 enim
1072 2047 1222 2094 sciens
1247 2057 1460 2095 nostram
1483 2046 1769 2103 amicitiam,
1789 2044 1974 2110 putavit

558 2143 634 2172 me
664 2124 754 2173 hoc
784 2124 907 2189 apud
940 2135 986 2172 te
1016 2125 1269 2190 impetrare
1302 2125 1527 2190 potuisse.
1567 2127 1630 2172 Et
1664 2142 1778 2189 ego,
1812 2128 1863 2170 in
1893 2134 1973 2170 tua

558 2203 814 2250 dilectione
844 2203 1114 2260 confidens,
1141 2214 1253 2268 peto
1276 2214 1332 2250 ut
1358 2204 1653 2251 voluntatem
1682 2204 1780 2267 ejus
1809 2202 1858 2248 in
1889 2200 1973 2247 hac

560 2299 690 2327 causa
714 2280 970 2344 adimplere
1000 2299 1098 2329 non
1134 2283 1358 2347 graveris.
1391 2282 1518 2346 Opto
1547 2291 1602 2327 ut
1639 2297 1825 2344 semper
1851 2278 1974 2326 bene

558 2356 706 2403 valeas
732 2357 779 2402 in
803 2356 1030 2421 Domino.

605 2509 656 2552 (1)
683 2506 773 2541 Cod.
796 2507 1068 2553 benignitatem.

604 2568 654 2612 (2)
679 2566 772 2602 Cod.
794 2569 829 2600 in
850 2573 1104 2612 paupertatem
1122 2570 1369 2603 constitutam.

606 2625 656 2671 (5)
682 2626 771 2662 Cod.
793 2628 1052 2661 necessarium.

608 2686 655 2727 ‘'lg)
682 2685 774 2720 Cod.
792 2685 920 2719 habeo.

606 2743 654 2786 {133
682 2746 781 2778 llanc
801 2757 936 2783 vocem,
956 2757 1033 2790 quae
1053 2745 1088 2778 in
1107 2743 1229 2778 codice
1243 2744 1486 2783 desideratur.
1504 2756 1587 2778 cum
1605 2743 1713 2779 editis
1726 2741 1945 2788 supplemus.
