1979 3348
500 227 760 266 APPENDIX
791 228 1003 266 ALTERA.
1391 232 1465 268 173

51 324 145 366 quae
180 309 415 350 necessaria
437 309 544 352 mihi
568 310 682 352 scitis
715 326 780 352 me
811 309 925 351 unde
960 309 1120 352 discam
1153 311 1234 352 nisi
1267 326 1318 353 ex
1344 310 1466 353 vobis

52 395 231 436 restare,
266 400 316 427 ex
351 384 505 427 abditis
539 395 685 428 vestrae
709 386 926 428 memoriae
946 385 1194 444 diligentius
1217 403 1388 440 eruere,
1416 404 1465 430 ac

50 461 157 503 mihi
176 463 274 518 jure
303 463 488 505 caritatis
510 473 551 505 et
573 462 769 504 amicitiae.
803 461 917 504 ultro
950 463 1114 521 aperire
1136 463 1400 522 dignemini3
1420 475 1467 507 ut

50 539 210 581 semina
236 540 280 581 in
304 556 370 582 me
395 541 522 582 vestri
545 539 723 597 figentes
744 540 925 597 ingenii,
943 539 1113 598 frugem
1129 541 1242 584 illius
1261 542 1313 584 ad
1332 543 1467 601 pluri-

50 632 141 659 mos
164 618 471 659 transmittatis.

110 695 319 737 Praeterea
350 695 533 753 scriptor
555 695 698 752 regius
717 696 981 738 Bertcaudus
1009 695 1167 739 dicitur
1189 699 1464 756 antiquarum

51 774 289 815 litterarum
305 804 315 824 ‚
340 771 545 814 duntaxat
567 788 714 814 earum
735 789 829 831 quae
851 774 1044 816 maximae
1066 783 1187 826 sunt,
1212 784 1252 816 et
1276 775 1466 818 unciales

51 866 73 892 a
110 849 366 908 quibusdam
396 851 543 893 vocari
570 851 892 903 existimantur,
927 851 1085 894 habere
1113 868 1357 895 mensuram
1388 854 1465 896 de-

51 929 268 987 scriptam.
307 928 454 986 Itaque
491 928 524 970 si
555 944 683 986 penes
713 944 787 970 vos
813 938 900 981 est,
931 930 1083 972 mittite
1117 930 1224 972 mihi
1261 946 1354 973 eam
1391 947 1468 989 per

51 1008 184 1059 hunc,
209 1022 369 1066 quaeso,
394 1007 620 1065 pictorem,
638 1022 736 1050 cum
760 1006 959 1062 redierit3
980 1007 1183 1051 schedula
1207 1019 1347 1052 tamen
1371 1009 1471 1052 dili-

52 1086 294 1143 gentissime
319 1084 460 1143 sigillo
483 1085 665 1127 munita.

109 1162 176 1204 A.
203 1161 396 1204 Gellium
420 1163 626 1204 misissem
641 1197 651 1215 7
678 1163 759 1204 nisi
784 1178 930 1204 rursus
966 1162 1088 1206 illum
1113 1163 1243 1206 abbas
1266 1166 1470 1207 retinuis-

52 1248 113 1281 set
128 1272 138 1291 ,
164 1249 336 1298 questus
358 1238 542 1282 necdum
566 1239 645 1281 sibi
670 1256 767 1282 eum
785 1255 872 1281 esse
898 1238 1175 1299 descriptum.
1200 1241 1470 1300 Scripturum

53 1331 94 1357 se
116 1325 258 1358 tamen
280 1316 402 1358 vobis
425 1316 557 1369 dixit,
583 1316 701 1375 quod
722 1316 945 1376 praefatum
962 1317 1122 1360 librum
1144 1319 1185 1361 vi
1204 1320 1313 1362 mihi
1332 1330 1473 1362 extor-

55 1393 172 1435 serit.
201 1394 363 1435 Verum
384 1404 424 1436 et
447 1393 569 1436 illum
592 1404 633 1436 et
654 1410 801 1436 omnes
825 1405 998 1437 caeteros
1018 1395 1175 1454 quibus
1198 1406 1336 1439 vestra
1359 1396 1470 1440 libe-

54 1473 219 1516 ralitate
244 1473 368 1516 fruor
383 1508 393 1527 ⁷
413 1491 488 1533 per
509 1491 576 1517 me
592 1509 602 1527 ‚
624 1476 657 1517 si
676 1476 791 1518 Deus
810 1476 902 1517 vult
916 1510 926 1527 ‚
952 1476 1073 1518 vobis
1096 1478 1182 1535 ipse
1202 1479 1408 1521 restituet.

112 1549 272 1593 Abdita
294 1552 338 1593 in
361 1551 454 1610 lege
474 1562 515 1594 et
532 1547 715 1594 maxime
741 1553 890 1596 Graeca
913 1553 1089 1595 nomina
1103 1587 1113 1607 ‚
1140 1564 1181 1596 et
1202 1554 1285 1596 alia
1301 1571 1351 1596 ex
1370 1555 1472 1597 Ser-

54 1628 124 1670 vio
149 1629 249 1671 item
273 1628 444 1682 Graeca,
467 1646 561 1688 quae.
581 1629 703 1673 initio
735 1630 857 1673 vobis
881 1630 1042 1683 direxi,
1072 1631 1219 1674 saltem
1243 1648 1360 1674 nunc
1384 1633 1472 1674 uti—

57 1720 156 1747 nam
177 1721 230 1748 ne
254 1706 492 1763 gravemini
514 1706 756 1765 explanare.
782 1706 934 1750 Valeas
952 1741 962 1760 ,
988 1707 1220 1750 clarissime
1239 1719 1475 1768 praeceptor

56 1793 97 1826 et
116 1794 237 1843 pater
258 1783 518 1837 dulcissime,
542 1786 841 1845 prosperisque
859 1794 1064 1844 perpetuo
1089 1785 1354 1828 successibus
1377 1785 1475 1845 pol-

57 1862 159 1905 Ieas.

727 1956 805 1993 VI.

111 2036 355 2075 EPISTOLA
387 2036 540 2074 CLERI
569 2035 875 2075 SENONENSIS
905 2036 971 2074 AD
1003 2035 1324 2074 EINHARDUM
1352 2039 1421 2085 (ι).

117 2140 284 2199 Inclyto
313 2150 356 2183 et
389 2141 509 2183 omni
538 2140 760 2183 nobilitate
795 2140 1000 2199 praeclaro
1025 2139 1270 2192 Einhardo‚
1301 2139 1481 2182 domino

61 2219 328 2262 sanctissimo
344 2253 355 2271 ,
376 2219 599 2262 Senonicae
616 2218 816 2262 Ecclesiae
837 2217 1084 2261 humillima
1102 2217 1291 2260 devotio.
1306 2217 1485 2260 —Prae-

109 2407 159 2452 (1)
185 2406 290 2441 Cette
305 2406 426 2450 lettre,
443 2407 589 2454 publiee
600 2419 695 2454 pour
708 2406 741 2441 la
756 2407 938 2454 premiere
955 2405 1024 2440 sois
1038 2417 1103 2452 par
1121 2403 1328 2445 Duchesne‚
1345 2401 1484 2445 Script.

63 2484 135 2506 rer.
159 2471 294 2506 Franc.
320 2483 362 2514 ιι,
384 2471 471 2520 718,
492 2472 611 2518 parmi
628 2471 680 2507 les
698 2471 824 2507 lettres
842 2471 887 2506 de
904 2470 1117 2513 Frothaire‚
1144 2468 1281 2515 eveque
1301 2467 1346 2501 de
1364 2465 1483 2506 Tout,

63 2543 100 2570 et
117 2535 259 2583 d’apres
274 2549 325 2570 un
344 2536 472 2571 ancien
491 2537 694 2571 manuscrit
711 2537 883 2571 conserve
902 2537 921 2570 ὲ
939 2535 1133 2576 Chartres‚
1155 2545 1174 2567 a
1193 2533 1251 2566 ete
1270 2528 1484 2577 reproduite

65 2613 130 2647 par
149 2602 197 2635 Lc
208 2600 361 2641 Cointe,
383 2601 526 2635 Αηηαῖ.
549 2602 677 2636 eccles.
698 2601 939 2643 Francorum,
959 2612 1039 2642 vui,
1062 2610 1126 2647 72;
1148 2609 1213 2644 par
1232 2596 1277 2630 D.
1298 2595 1484 2640 Bouquet‚

66 2675 120 2707 vt,
141 2662 221 2711 395,
237 2670 274 2698 et
291 2663 389 2698 enfin
406 2677 472 2711 par
488 2664 733 2708 Weinckens,
753 2665 991 2712 Eginharlus
1009 2664 1236 2704 illustratus,
1262 2661 1338 2701 114,
1360 2657 1424 2705 qui
1441 2656 1487 2690 l'a

68 2728 251 2772 intitulee,
279 2730 296 2762 ἐι
326 2740 430 2763 cause
455 2727 503 2762 du
524 2727 660 2762 recueil
680 2728 765 2763 d’ou
788 2728 857 2763 elle
874 2727 1081 2775 provenait,
1105 2724 1281 2771 Epistola
1303 2720 1494 2758 Frotharii
