2105 3348
530 331 581 368 38
954 327 1208 365 EINHARDI
1238 327 1508 366 EPISTOLAE.

529 407 659 473 quod
678 408 803 453 inter
822 422 901 452 eos
919 406 1012 452 fuit
1025 415 1261 453 exortum.
1285 406 1488 454 Proinde
1506 424 1755 471 precamur
1768 410 1937 456 sancti-

531 494 676 531 tatem
701 492 904 529 vestram
938 493 1020 540 ut,
1048 483 1113 531 ob
1149 485 1463 532 reverentiam
1496 486 1771 533 eorumdem
1806 504 1937 532 mar—

532 573 696 627 tyrum
718 598 729 620 ‚
766 559 823 606 ad
857 579 1066 626 quorum
1096 562 1258 609 limina
1297 562 1634 628 confugit(1),
1671 564 1711 610 ei
1747 582 1937 628 parcere

530 638 816 702 dignemini,
843 649 915 696 ut,
951 638 1132 686 indulta
1157 641 1485 688 membrorum
1506 641 1800 706 integritate,
1831 660 1939 689 ver-

529 714 793 779 berumque
829 731 994 779 poena,
1033 716 1170 764 liceat
1194 718 1260 764 illi
1290 719 1529 766 solutione
1558 719 1771 782 pecuniae
1804 737 1939 766 com-

530 809 710 857 ponere
728 803 868 859 atque
886 795 1135 843 emendare
1149 796 1279 861 quod
1291 797 1409 843 mala
1424 797 1668 844 voluntate
1684 797 1938 844 commisit.

533 869 762 933 Optamus
789 871 1087 918 sanctitatem
1111 882 1313 919 vestram
1337 891 1519 937 semper
1539 874 1587 919 in
1609 872 1798 920 Christo
1822 872 1944 920 hene

532 946 709 1004 valere,
731 948 1020 996 sanctissime
1041 966 1093 995 ac
1116 950 1491 997 reverentissime
1514 961 1663 1014 pater.

865 1181 1016 1221 XXVI.
1049 1185 1117 1222 AD
1148 1184 1361 1222 AMICUM
1391 1185 1537 1223 SUUM
1568 1185 1623 1222 U.·

606 1285 946 1335 EinhardusU.
960 1305 1046 1335 suo
1061 1288 1259 1335 salutem
1269 1317 1348 1335 .—-
1358 1289 1644 1337 Frumoldus
1658 1289 1782 1336 filius
1796 1287 1837 1335 N
1847 1323 1857 1333 .
1877 1303 1952 1334 co·

540 1362 686 1419 mitis,
705 1364 837 1428 cujus
855 1363 916 1410 N.
936 1381 1151 1412 sororem
1172 1364 1332 1423 habet,
1351 1366 1496 1430 magis
1518 1365 1795 1412 infirmitate
1809 1380 1949 1430 quam

537 1448 777 1486 senectute
807 1440 1052 1487 confectus
1070 1469 1136 1477 —
1152 1457 1261 1487 nam
1286 1442 1519 1489 continuo
1552 1459 1604 1488 ac
1627 1443 1754 1507 gravi
1779 1440 1954 1505 pedum

508 1535 512 1540 ’
537 1516 704 1565 dolore
717 1528 913 1565 vexatur
926 1518 1142 1567 ——habet
1153 1519 1441 1567 beneficium
1453 1537 1552 1568 non
1567 1519 1744 1585 grande
1763 1520 1811 1565 in
1830 1520 1956 1565 Bur-

538 1595 713 1658 gundia
736 1596 837 1659 (2),
860 1597 908 1643 in
933 1615 1054 1662 pago
1076 1596 1395 1654 Genawense,
1420 1596 1500 1644 ubi
1531 1609 1666 1661 pater
1688 1600 1784 1661 ejus
1802 1613 1958 1643 comes

539 1670 632 1718 fuit
645 1708 659 1731 ,
679 1683 725 1720 et
751 1673 888 1721 timet
913 1674 1030 1721 illud
1053 1675 1278 1739 perdere,
1305 1675 1395 1722 nisi
1419 1686 1571 1722 vestra
1593 1674 1859 1740 benignitas
1889 1673 1957 1719 illi

542 1751 824 1815 opituletur,
842 1770 897 1800 eo
916 1753 1045 1818 quod
1065 1764 1265 1818 propter
1284 1753 1613 1800 infirmitatem
1633 1754 1723 1817 (5),
1740 1769 1830 1817 qua
1844 1768 1960 1816 pre-

543 1829 710 1885 mitur,
730 1829 788 1876 ad
804 1830 1031 1894 palatium
1044 1832 1206 1878 venire
1225 1849 1323 1879 non
1344 1842 1518 1896 potest.
1542 1831 1724 1879 Idcirco
1740 1839 1962 1895 precatur

545 1915 625 1963 ut,
657 1907 706 1953 in
731 1908 817 1953 ista
850 1909 1148 1965 necessitate,
1177 1909 1412 1955 domnum
1436 1910 1771 1972 imperatorem
1797 1923 1964 1971 rogare

545 1982 837 2047 dignemini,
866 1994 921 2030 ut
944 1985 1192 2048 permittat
1217 2003 1264 2032 se
1294 1985 1465 2033 habere
1493 1984 1807 2038 beneficium,
1836 1981 1965 2048 quod

548 2078 659 2108 avus
691 2064 787 2125 ejus
825 2062 893 2108 illi
937 2064 1167 2110 concessit
1187 2099 1200 2121 ,
1240 2074 1287 2110 et
1326 2074 1460 2128 pater
1506 2062 1678 2110 habere
1720 2060 1960 2125 permisit,

549 2155 824 2204 quousque,
858 2140 1039 2187 viribus
1067 2142 1296 2206 receptis,
1336 2142 1392 2188 ad
1424 2143 1522 2205 ejus
1549 2140 1852 2205 praesentiam
1883 2155 1961 2184 ve-

550 2217 680 2263 nerit
695 2234 747 2263 ac
758 2235 805 2264 se
818 2217 1020 2265 solemni
1031 2236 1165 2266 more
1180 2218 1586 2268 commendaverit
1600 2219 1689 2282 (4),
1707 2219 1834 2264 Bene
1845 2215 1962 2271 vale,

553 2294 793 2358 igulorum
816 2296 1151 2354 amantissime,
1173 2297 1237 2343 sic
1262 2307 1397 2361 optat
1417 2297 1570 2362 igulus
1586 2307 1694 2343 tuus
1712 2294 1899 2343 vetulus
1922 2302 1969 2340 et

556 2370 790 2417 infirmus.

602 2575 652 2619 (1)
677 2574 769 2609 Cod.
790 2573 983 2622 corfitgiit.

604 2634 654 2679 (2)
680 2633 770 2670 Cod.
793 2633 1023 2680 Bur-gandia.

605 2690 654 2737 (5)
679 2692 738 2728 Sic
759 2692 795 2727 in
810 2692 952 2732 codice;
974 2691 1061 2726 edit.
1081 2705 1159 2737 11¹·ae
1181 2694 1405 2738 infirmitate.

605 2751 654 2795 (4)
680 2750 769 2785 Cod.
789 2750 1104 2786 commendaverat
1135 2771 1180 2777 —-
1201 2750 1319 2795 Optat.
