2105 3348
639 257 718 293 ‘206
933 248 1174 286 HISTORIA
1207 244 1634 293 TRxNSLA'I‘IONIS,
1665 262 1743 285 mc.

641 334 769 395 cujus
792 328 909 393 signi
932 327 1148 373 certioris
1174 325 1430 380 indicium3
1463 335 1603 389 atque
1629 326 1819 372 interim
1847 325 1950 372 illos
1970 344 2047 371 sa-

642 428 745 456 cros
769 409 973 460 cineres,
1006 404 1061 450 de
1095 405 1252 451 linteis
1277 404 1322 448 in
1349 402 1521 469 quibus
1557 402 1684 466 ligati
1719 415 1947 450 venerant
1969 421 2049 448 su—

640 488 814 539 blatos,
841 483 997 530 sericis
1016 500 1066 527 ac
1097 481 1231 527 novis
1255 480 1463 544 pulvinis
1490 480 1674 526 insuere
1696 480 1802 526 feci.
1838 481 2051 545 Cumque

645 567 689 609 in
709 581 873 610 eorum
891 561 1186 624 inspectione
1205 559 1426 623 reliquias
1436 557 1558 605 beati
1574 557 1836 604 Marcellini
1853 558 2052 604 minoris

640 639 918 706 quantitatis
937 656 1078 702 quam
1101 638 1246 683 sancti
1263 637 1387 683 Petri
1405 653 1500 682 esse
1518 652 1778 691 cernerem,
1799 634 2052 680 arbitratus

643 735 746 763 sum
777 733 881 763 eum
909 717 958 761 in
989 725 1162 761 statura
1194 715 1407 778 corporis
1432 714 1499 759 sui
1531 713 1730 758 minoris
1752 711 1892 759 fuisse
1916 730 2053 758 men-

642 812 764 840 surae
790 811 931 858 quam
958 802 1171 838 sanctum
1188 793 1399 839 Petrum.
1429 789 1517 837 Sed
1545 790 1633 836 hoc
1652 789 1788 835 aliter
1810 807 1855 834 se
1884 786 2053 835 habere

646 872 826 917 furtum
852 880 1009 934 postea
1031 868 1318 933 patefactum
1343 865 1624 932 approbavit
1656 885 1667 911 .·
1695 864 1825 931 quod
1851 863 1930 910 ubi
1946 900 1958 920 ,
1982 864 2053 910 vel

644 947 835 1012 quando
850 983 860 1002 ,
885 946 954 993 vel
976 964 998 991 a
1018 963 1115 1010 quo
1132 980 1142 999 ‚
1164 946 1237 992 vel
1255 945 1458 1009 qualiter
1475 944 1725 990 admissum
1744 960 1795 988 ac
1811 941 2054 1005 proditum

647 1027 729 1075 sit.
753 1043 837 1071 suo
857 1025 962 1071 loco
981 1025 1195 1070 dicturus
1218 1041 1322 1069 sum
1345 1043 1355 1069 :
1378 1040 1507 1069 nunc
1531 1021 1651 1069 ordo
1672 1020 1957 1068 narrationis
1982 1019 2055 1065 in-

648 1102 826 1150 choatae
854 1102 1080 1149 texendus
1099 1111 1240 1165 atque
1261 1101 1490 1147 tenendus
1507 1111 1591 1146 est.

716 1652 791 1696 46.
816 1652 966 1715 Igitur
996 1660 1247 1715 postquam
1273 1650 1407 1696 illum
1440 1668 1665 1715 magnum
1687 1660 1829 1713 atque
1859 1647 2058 1695 mirabi-

651 1730 739 1776 lem
755 1765 766 1785 ‚
789 1730 1015 1794 omnique
1041 1746 1156 1775 auro
1174 1729 1504 1792 pretiosiorem
1518 1765 1530 1785 ,
1555 1728 1736 1792 inspexi
1758 1726 2026 1773 thesaurum
2043 1762 2054 1781 ‚

650 1806 856 1859 loculus,
888 1807 933 1851 in
960 1824 1058 1870 quo
1084 1805 1206 1852 idem
1227 1805 1583 1862 continebatur,
1609 1815 1806 1869 propter
1830 1804 2058 1851 vilitatem

649 1883 883 1939 materiae,
910 1882 967 1929 de
989 1900 1079 1947 qua
1110 1893 1381 1947 compactus
1407 1893 1530 1939 erat,
1559 1885 1708 1947 coepit
1738 1881 1852 1928 mihi
1881 1881 2058 1946 oppido

646 1960 909 2025 displicere.
935 1961 1088 2021 Quem
1107 1961 1354 2007 emendare
1373 1962 1566 2025 cupiens
1580 1997 1592 2016 ,
1612 1960 1812 2026 quadam
1833 1960 1930 2016 die,
1955 1968 2060 2023 post

647 2037 938 2101 completum
958 2038 1282 2101 vespertinum
1301 2039 1525 2094 officium,
1545 2038 1746 2102 praecepi
1771 2037 1850 2082 uni
1871 2053 1927 2082 ex
1944 2034 2060 2081 aedi-

649 2115 764 2170 tuis,
786 2124 840 2160 ut
855 2132 1123 2161 mensuram
1149 2115 1288 2162 loculi
1307 2117 1435 2180 virga
1455 2114 1701 2162 collectam
1719 2113 1833 2159 mihi
1851 2112 2054 2159 afferret.

647 2191 765 2236 Cum
787 2192 865 2238 ille
888 2191 978 2238 hoc
1007 2192 1214 2239 facturus
1238 2210 1427 2239 cereum
1451 2190 1753 2246 accenderet,
1781 2202 1828 2237 et
1851 2190 2059 2236 circum-

650 2269 900 2331 pendentia
923 2269 1060 2332 pallia
1076 2305 1089 2325 ,
1113 2270 1285 2334 quibus
1312 2271 1431 2318 idem
1458 2270 1641 2318 loculus
1663 2268 1923 2334 tegebatur,
1946 2266 2060 2314 sub-

651 2346 848 2403 levaret,
870 2347 1204 2394 animadvertit
1230 2349 1438 2395 loculum
1466 2349 1644 2395 mirum
1665 2349 1712 2394 in
1740 2347 1932 2394 modum
1962 2345 2059 2392 hu·-

648 2439 780 2469 more
804 2425 1060 2488 sanguineo
1093 2425 1300 2491 undique
1322 2426 1629 2472 distillantem
1653 2445 1665 2482 ;
1689 2436 1735 2472 et
1759 2426 1825 2471 rei
1851 2424 2059 2472 novitate

648 2500 952 2563 perterritus,
989 2500 1078 2548 hoc
1103 2503 1229 2566 quod
1259 2504 1437 2551 viderat
1468 2521 1670 2568 propere
1697 2501 1811 2548 mihi
1839 2502 2059 2547 nuntiare

650 2577 848 2622 curavit.
885 2578 1010 2623 Tum
1035 2595 1146 2643 ego,
1174 2597 1278 2625 cum
1309 2580 1378 2627 his
1401 2581 1482 2646 qui
1516 2581 1708 2627 aderant
1739 2577 2059 2626 sacerdotibus

649 2656 841 2712 accessi,
877 2666 923 2702 et
959 2656 1076 2702 illud
1110 2658 1395 2720 stupendum
1426 2670 1566 2723 atque
1591 2659 1722 2705 omni
1748 2656 2059 2703 admiratione

646 2730 842 2796 dignuin
884 2734 1163 2779 miraculum
1201 2737 1370 2798 aspexi.
1410 2737 1528 2782 Nam
1566 2747 1619 2781 ut
1649 2735 1884 2782 columnae
1917 2742 2058 2795 atque
2103 2750 2105 2754 ⁴
