2105 3348
620 268 698 305 276
924 259 1167 300 HISTORIA
1197 258 1622 306 TRANSLATIONIS,
1654 273 1731 300 Ere.

621 345 895 391 crastinum.
930 341 997 387 Ac
1029 358 1178 386 caecus
1215 340 1291 386 ille
1327 343 1509 404 jussum
1543 358 1801 404 pauperem
1835 344 2034 407 perqui-

617 440 724 469 rens
755 419 965 474 invenit3
995 428 1064 472 et,
1096 428 1148 462 ut
1173 417 1260 463 sibi
1283 427 1575 481 praeceptum
1596 429 1723 476 erat,
1750 418 1796 464 in
1817 420 2037 483 superio-

615 499 747 546 ribus
767 497 971 544 ccclesiae
990 495 1345 560 partibusjnxm
1369 495 1614 558 praedictas
1631 495 1877 560 reliquias,
1898 497 2035 542 officii

614 576 838 623 matutini
867 587 1106 638 tempore,
1131 574 1399 621 collocavit.
1434 574 1586 619 Erant
1612 584 1767 620 autem
1801 574 1894 621 illae
1925 575 2038 621 reli-

614 657 766 721 quiae,
789 654 919 720 quod
939 653 1153 701 nondum
1174 670 1457 701 noveramus
1473 688 1484 708 ,
1505 651 1628 699 beati
1643 652 1782 698 Marii
1800 654 2034 716 martyris,

614 743 659 780 et
684 733 845 779 uxoris
863 749 915 778 ac
932 731 1142 778 [iliorum
1163 733 1258 795 ejus
1275 767 1287 787 ‚
1310 730 1513 776 Marthae
1531 729 1775 787 videlicet,
1799 730 2037 777 Audifacis

614 821 659 858 et
685 809 920 856 Habacuc.
956 810 1074 870 Quae
1103 809 1268 874 utiquc
1292 808 1429 854 simul
1468 826 1576 854 cum
1603 819 1877 856 sanctorum
1900 809 2039 854 Mar-

615 888 772 934 cellini
796 897 842 933 et
863 888 990 934 Petri
1019 885 1329 951 corporibus,
1357 897 1404 932 et
1428 886 1474 931 in
1508 885 1676 932 eodem
1696 885 1857 933 loculo
1878 885 1935 932 ad
1952 903 2038 933 nos

614 965 807 1028 perlatae
829 976 958 1010 sunt.
980 964 1069 1011 Sed
1097 965 1132 1009 is
1157 964 1236 1028 qui
1264 981 1338 1010 eas
1357 962 1552 1018 detulit,
1582 964 1713 1026 eujus
1740 974 1893 1010 essent
1919 963 2037 1009 reli-

614 1044 738 1109 quiae
764 1043 988 1098 nescivit5
1014 1059 1122 1087 nam
1150 1041 1251 1097 ille,
1273 1041 1355 1105 qui
1378 1057 1452 1087 eas
1478 1039 1593 1085 mihi
1613 1041 1831 1096 miserat,
1859 1041 2040 1104 promi-

616 1122 675 1167 sit
699 1139 745 1168 se
770 1121 825 1167 ad
858 1138 932 1166 me
966 1138 1061 1167 csse
1087 1130 1374 1176 venturum,
1420 1136 1471 1164 ac
1507 1119 1702 1166 nomina
1741 1129 2038 1175 sanctorum,

612 1215 818 1264 quorum
843 1197 915 1244 hae
935 1197 1150 1261 reliquiae
1174 1196 1364 1254 forent,
1386 1213 1472 1259 per
1498 1196 1803 1259 semetipsum
1820 1196 1936 1242 mihi
1963 1197 2040 1242 in-

612 1275 882 1322 dicaturum
911 1295 920 1320 :
961 1275 1091 1339 quod
1131 1285 1290 1338 postea
1335 1273 1515 1319 factum
1547 1284 1633 1321 est.
1672 1275 1856 1339 Pauper
1896 1292 2035 1331 vero,

613 1353 694 1418 qui
708 1355 842 1417 juxta
865 1352 966 1397 illas
982 1370 1003 1396 a
1023 1361 1290 1398 memorato
1310 1368 1435 1397 caeco
1453 1350 1608 1397 fuerat
1624 1351 1906 1409 collocatus,
1929 1370 2038 1398 cum

613 1428 817 1477 secunda
842 1429 986 1476 lectio
1018 1428 1074 1474 ad
1107 1440 1404 1476 nocturnum
1429 1428 1635 1476 officium
1664 1446 1722 1475 ex
1756 1446 1890 1476 more
1914 1429 2041 1493 lege-

613 1518 766 1565 retur,
790 1506 917 1553 edito
950 1506 1131 1570 ingenti
1155 1506 1360 1553 clamore
1377 1541 1389 1562 ‚
1421 1523 1521 1553 non
1546 1505 1788 1552 modicum
1813 1523 2040 1571 pavorem

615 1583 916 1631 audientibus
947 1584 1158 1630 incussit.
1187 1583 1259 1631 Ad
1290 1601 1433 1649 quem
1455 1601 1563 1630 cum
1585 1585 1810 1631 nonnulli
1844 1585 2045 1632 clerico-

615 1681 723 1709 rum
743 1698 756 1720 ,
786 1680 877 1708 una
906 1679 1014 1708 cum
1042 1661 1123 1707 illo
1148 1663 1230 1727 qui
1259 1661 1349 1709 hoc
1378 1661 1443 1708 ibi
1462 1662 1845 1726 opperirijussus
1866 1662 2040 1719 fuerat,

617 1741 954 1796 accurrissent,
990 1741 1280 1787 invenerunt
1313 1757 1421 1786 eum
1454 1757 1667 1803 pronum
1695 1751 1838 1805 atque
1879 1750 2045 1787 exten-

621 1829 720 1865 tum
749 1828 948 1882 propter
972 1818 1117 1864 altare
1135 1819 1371 1881 jacentem
1390 1853 1403 1874 ‚
1436 1817 1860 1882 pavimentumque
1875 1853 1887 1874 ,
1909 1817 2040 1883 quod

616 1898 689 1945 ori
729 1898 825 1960 ejus
855 1895 1122 1960 subjectum
1150 1906 1280 1950 erat,
1319 1896 1530 1960 plurimo
1565 1896 1796 1961 sanguine
1828 1895 2039 1942 madens.

619 1975 773 2035 Quem
797 1974 1005 2021 levantes
1022 2010 1036 2034 ,
1058 1984 1106 2021 et
1133 1973 1268 2020 allata
1287 1992 1403 2040 aqua
1432 1974 1780 2031 refocillantes,
1807 1991 1974 2020 sanum
1998 1984 2046 2020 et

618 2061 830 2107 rectum,
856 2068 1011 2116 neque
1040 2050 1133 2097 ulla
1163 2051 1407 2097 camelinae
1433 2051 1560 2097 illius
1587 2050 1885 2098 tortitudinis
1912 2050 2044 2115 signa

619 2130 909 2176 retinentem
930 2165 942 2185 ‚
969 2130 1017 2175 in
1039 2129 1290 2176 inferiores
1307 2129 1515 2176 ecclesiae
1532 2140 1686 2192 partes
1703 2127 2043 2193 gratulabundi

619 2207 939 2253 deduxerunt.
969 2207 1076 2267 Quo
1093 2207 1324 2253 miraculo
1354 2207 1403 2252 in
1429 2205 1557 2252 hunc
1587 2206 1785 2252 modum
1815 2217 2008 2270 peracto
2028 2242 2041 2263 ‚

622 2286 676 2341 is,
698 2302 841 2350 quem
861 2284 974 2330 illuc
989 2285 1227 2340 miseram,
1245 2283 1300 2329 ad
1317 2301 1393 2330 me
1413 2302 1522 2330 cum
1542 2302 1721 2330 summa
1741 2284 2045 2331 festinatione

620 2380 883 2428 regressus,
914 2380 1024 2408 cum
1050 2379 1098 2408 ea
1129 2379 1237 2427 quae
1264 2362 1446 2409 viderat
1464 2362 1730 2419 retulisset,
1759 2380 1931 2428 magno
1958 2379 2045 2409 nos

620 2440 791 2505 gaudio
810 2451 952 2505 atque
969 2439 1285 2487 exsultatione
1304 2440 1523 2504 replevit.

687 2670 768 2715 47.
808 2667 906 2714 Nec
936 2667 1092 2716 multo
1121 2678 1228 2731 post
1264 2668 1526 2725 Ratleicus,
1556 2669 1638 2734 qui
1666 2684 1822 2714 sacros
1855 2667 2044 2732 Marty-

630 2763 736 2792 rum
761 2745 967 2801 cineres,
1006 2746 1128 2792 sicut
1155 2746 1202 2791 in
1241 2745 1565 2810 superioribus
1584 2744 2040 2800 demonstravimus,
