1979 3348
584 234 834 273 EINHARDI
867 234 1097 272 CHARTAE.
1470 233 1542 272 421

139 323 321 378 partem
336 349 349 371 ‚
371 331 513 378 quam
533 316 573 361 ei
602 315 842 362 canonicae
866 314 1159 362 liberationis
1181 313 1336 360 honor
1361 330 1550 360 conces-

143 393 282 450 serit,
305 391 481 439 habens
501 391 557 439 ad
581 392 670 440 hoc
689 405 850 457 portas
874 403 1079 456 apertas,
1111 393 1231 438 sicut
1250 392 1408 438 caeteri
1429 392 1549 437 cives

145 469 348 516 romani.
371 470 437 515 Ita
458 479 510 514 ut
533 469 752 533 deinceps
778 487 929 534 neque
954 468 1120 524 nobis,
1152 485 1305 532 neque
1323 484 1552 513 successo-

144 546 276 592 ribus
298 547 474 593 nostris
498 546 652 592 ullum
677 545 844 593 debeat
862 546 1046 602 noxiae,
1081 545 1152 592 vel
1180 545 1358 592 servilis
1386 544 1553 591 condi-

146 623 288 670 tionis
321 624 590 680 servitium,
632 641 785 688 neque
813 623 1005 687 aliquod
1046 622 1370 669 libertinitatis
1411 620 1553 668 obse--

144 701 336 765 quium3
392 701 470 747 sed
514 699 738 748 omnibus
784 699 948 746 diebus
991 701 1102 746 vitae
1149 717 1244 746 suae
1296 697 1383 744 sub
1431 708 1552 745 certa

146 778 509 843 plenissimaque
543 778 860 843 ingenuitate,
899 778 1021 823 sicut
1053 777 1130 823 alii
1172 778 1292 824 cives
1329 777 1551 832 romani,

146 874 231 920 per
266 856 394 902 hunc
426 856 809 902 manumissionis
833 866 974 920 atque
1006 855 1308 920 ingenuitatis
1335 854 1552 909 titulum,

148 951 332 998 semper
353 933 475 980 bene
494 934 725 998 ingenuus
743 944 882 997 atque
903 949 1092 979 securus
1117 932 1307 988 existat3
1332 941 1378 978 et
1397 930 1453 978 de
1476 948 1559 994 pc·-

147 1011 322 1058 culiare
337 1011 468 1076 quod
488 1010 653 1068 habet,
683 1022 763 1057 aut
781 1010 910 1075 quod
929 1009 1104 1056 abhinc
1123 1009 1303 1074 assequi
1330 1013 1556 1072 potuerit,

147 1088 286 1134 faciat
313 1087 575 1134 secundum
601 1104 840 1134 canonum
871 1087 1203 1133 auctoritatem
1233 1085 1382 1132 libere
1420 1084 1560 1149 quid-

148 1164 264 1229 quid
288 1164 512 1212 voluerit.
543 1166 605 1211 Et
633 1175 687 1210 ut
717 1162 817 1210 haec
848 1163 1231 1210 manumissionis
1256 1172 1302 1209 et
1327 1162 1560 1208 libertatis

149 1242 404 1288 auctoritas
450 1241 776 1288 inconvulsam
813 1251 953 1305 atque
990 1237 1314 1286 inviolabilem
1349 1238 1563 1285 obtineat

151 1317 454 1378 firmitatem,
481 1335 627 1364 manu
649 1318 841 1382 propria
871 1316 1035 1364 subter
1058 1316 1238 1363 firmavi
1259 1352 1272 1372 ‚
1303 1316 1562 1363 sacerdotes

150 1412 344 1460 quoque
375 1407 422 1442 et
451 1396 632 1444 clerum
659 1396 865 1442 ecclesiae
898 1406 1098 1448 nostrae,
1134 1412 1321 1442 necnon
1348 1404 1393 1441 et
1424 1393 1563 1440 laicos

152 1471 355 1530 nobiles,
382 1475 463 1538 qui
489 1468 598 1519 huic
617 1473 907 1521 absolutioni
926 1482 1181 1536 praesentes
1201 1471 1414 1528 fuerunt,
1437 1471 1564 1516 simi-

152 1550 263 1596 liter
281 1550 444 1597 subter
463 1550 653 1597 firmare
671 1551 850 1614 rogavi.
875 1549 1047 1595 Actum
1068 1551 1288 1612 Trajecto
1307 1548 1423 1594 cit-ra
1448 1549 1562 1593 Hre·

155 1644 274 1674 num
308 1627 357 1673 in
398 1629 687 1676 monasterio
722 1628 879 1674 Sancti
919 1627 1144 1681 Servasii,
1179 1644 1337 1682 anno,
1377 1625 1565 1671 Christo

154 1706 390 1769 propitio,
418 1706 604 1770 imperii
630 1705 795 1752 domni
825 1704 1163 1765 [Hladowici]
1190 1704 1277 1759 Vl,
1306 1702 1565 1749 indictione

154 1799 281 1830 X1111.
296 1785 472 1849 —Ego
496 1783 765 1830 Einhardus
790 1783 930 1829 abbas
943 1819 956 1840 ‚
979 1800 1122 1829 manu
1145 1782 1335 1845 propria
1364 1779 1566 1826 subscri-

156 1861 314 1911 bendo
340 1863 541 1910 firmavi.

572 2057 713 2081 CHARTA
744 2054 906 2079 EJUSDEM
938 2051 1159 2077 ARGUMENTI
1193 2074 1196 2077 Α

315 2154 347 2192 Ε
369 2153 498 2193 codice
523 2153 768 2192 Laudunensi
790 2165 892 2189 nunc
915 2149 1082 2201 primum
1102 2146 1324 2197 deprompta
1347 2146 1415 2192 (ι).

231 2278 504 2326 Auctoritas
516 2276 820 2324 ecclesiastica
836 2282 1056 2338 patenter
1068 2269 1312 2325 admonet,
1328 2265 1521 2328 insuper
1533 2273 1578 2310 et

165 2355 291 2419 regia
321 2353 593 2419 [majestas]
621 2352 862 2400 canonicae
888 2347 1111 2414 religioni
1134 2360 1372 2392 assensum
1395 2340 1579 2406 praebet

215 2549 265 2594 (1)
289 2547 322 2582 Il
340 2547 401 2593 n’y
422 2558 442 2580 a
459 2557 578 2581 aucun
595 2530 706 2579 moti'f
719 2543 936 2578 d’attribuer
954 2546 1048 2575 cette
1067 2538 1192 2572 charte
1209 2536 1228 2569 a
1247 2526 1456 2579 Eginhard‚
1484 2532 1512 2566 si
1539 2543 1578 2565 ce

170 2613 262 2647 n’est
279 2609 410 2659 qu'elle
428 2621 464 2644 se
483 2615 614 2643 trouve
632 2606 721 2642 dans
737 2606 771 2641 le
788 2605 989 2641 manuscrit
1006 2602 1051 2637 de
1068 2601 1177 2635 Laon.
1194 2596 1421 2644 Cependant‚
1438 2607 1578 2630 comme

171 2674 239 2710 elle
257 2675 425 2722 presente
445 2672 634 2718 beaucoup
651 2669 852 2717 d'analogie
871 2679 954 2704 avec
972 2666 1005 2701 la
1023 2664 1149 2699 charte
1171 2659 1412 2709 precedente,
1432 2665 1468 2693 et
1485 2670 1557 2705 que
1569 2686 1577 2700 ‚

171 2741 218 2776 de
234 2739 333 2788 plus,
358 2749 499 2774 comme
522 2734 693 2779 formule,
715 2733 782 2769 elle
800 2734 891 2768 n'est
910 2743 972 2779 pas
990 2740 1070 2764 sans
1091 2725 1243 2769 interet,
1272 2735 1362 2759 nous
1388 2734 1495 2758 avons
1515 2733 1581 2756 cru
