2105 3348
561 227 610 261 08
989 217 1238 256 EINHARDI
1273 216 1541 254 EPISI'OLAE.

588 364 671 400 LIXv
692 365 758 412 (ι).
798 362 859 397 ΑΙ)
890 359 935 395 N.
974 355 1350 395 PRESBYTERUM
1381 355 1446 394 ET
1475 357 1523 395 N.
1557 358 1950 398 VICEDOMINUM.

630 472 709 533 [le
725 467 905 513 Clu-isti
915 464 1149 528 nomiman]
1164 464 1254 510 Ein
1262 463 1432 510 hardus
1444 463 1605 524 abbas,
1619 466 1678 512 N.
1696 465 1978 532 presbytero

564 560 609 595 et
633 548 691 593 N.
727 543 1055 596 vicedomino,
1093 541 1310 589 fidelibus
1345 543 1418 607 (τε)
1448 544 1649 598 nostris,
1690 545 1738 591 in
1770 546 1979 592 Domino

563 626 776 671 salutem.
795 651 857 660 ——-
873 623 1078 685 [Notum
1114 625 1176 666 sit
1200 621 1363 684 vobis]
1388 622 1497 686 quia
1520 622 1740 669 volumus
1766 633 1819 668 ut
1843 625 1980 670 eulo-

561 703 654 765 gias
680 700 748 763 (ὅ)
776 698 1031 763 praeparari
1057 696 1238 743 faciatis
1264 698 1523 744 secundum
1557 699 1977 753 consuetudinem,

560 780 681 824 sicut
702 776 820 824 solet
846 776 991 822 homo
1022 774 1079 820 ad
1102 791 1221 839 opus
1249 774 1546 821 dominicum
1569 776 1641 840 (4)
1671 776 1848 832 facere,
1887 786 1980 821 tam

557 857 615 902 ad
654 873 773 918 opus
812 853 977 900 domni
1018 852 1097 898 Hl.
1141 869 1285 916 quam
1322 863 1368 898 et
1410 853 1470 898 N.
1511 854 1725 917 conjugis
1761 855 1875 917 ejus.
1920 853 1984 898 Et

557 931 750 998 quando
786 930 862 976 ille
892 930 949 976 de
972 928 1206 975 Audriaca
1230 928 1339 974 villa
1365 928 1421 974 ad
1445 929 1794 993 Compendium
1819 947 1985 977 rever—

558 1029 635 1057 sus
658 1009 829 1064 fuerit,
855 1020 970 1054 tunc
991 1007 1210 1054 volumus
1235 1017 1288 1052 ut
1314 1005 1379 1052 ibi
1407 1006 1524 1053 fiant
1550 1018 1848 1071 praesentatae
1870 1007 1943 1071 (5)
1971 1028 1980 1052 :

560 1099 608 1136 et
626 1097 785 1152 postea
809 1087 1028 1133 volumus
1048 1096 1101 1131 ut
1124 1103 1210 1149 per
1231 1083 1425 1131 brevem
1451 1083 1592 1132 nobis
1612 1084 1847 1142 indicetis,
1868 1102 1987 1148 qua-

559 1167 668 1212 liter
688 1165 787 1211 illas
807 1163 887 1229 [ab
908 1164 1015 1227 illo]
1037 1164 1108 1227 (6)
1128 1163 1201 1210 vel
1221 1161 1279 1209 ab
1299 1162 1377 1208 illa
1396 1162 1597 1211 fuissent
1616 1174 1836 1228 receptae.
1859 1163 1986 1210 Bene

557 1243 726 1290 valete.

766 1399 920 1451 LV(7).
952 1398 1019 1435 AD
1051 1397 1322 1446 QUEMDAM
1353 1396 1589 1435 FIDELEM
1619 1396 1779 1435 SUUM.

620 1509 674 1553 In
700 1506 877 1552 Christi
904 1505 1127 1560 nomine,
1159 1503 1430 1550 Einhardus
1458 1503 1628 1561 abbas,
1659 1504 1727 1550 illi
1759 1503 1829 1568 (8)
1862 1503 1987 1550 fideli

558 1594 727 1631 nostro
742 1582 1108 1629 salutem—Tu
1123 1580 1249 1627 nosti
1266 1579 1558 1644 quod,juxta
1575 1580 1705 1645 quod
1719 1580 1984 1644 potuimus,

560 1662 858 1708 voluntatem
900 1669 1032 1704 tuam
1065 1657 1326 1722 adimplere
1359 1658 1647 1715 curavimus,
1686 1658 1733 1702 in
1773 1674 1829 1703 eo
1861 1657 1992 1722 quod

562 1740 708 1786 filiam
730 1749 858 1784 tuam
883 1737 969 1784 tibi
994 1737 1189 1784 reddere
1209 1736 1426 1783 facimus.
1451 1737 1515 1783 Et
1548 1736 1653 1783 ideo
1685 1753 1909 1800 rogamus
1947 1747 1991 1783 te

564 1827 634 1876 ut,
657 1826 856 1880 propter
876 1814 1110 1861 honorem
1129 1824 1176 1859 et
1194 1830 1409 1860 amorem
1428 1813 1577 1859 sancti
1598 1813 1658 1858 N.
1682 1823 1728 1859 et
1747 1822 1987 1871 nostrum,

494 1897 497 1899 ’
564 1893 704 1940 nohis
730 1892 995 1939 consentias
1022 1891 1094 1955 (9)
1125 1889 1182 1936 ad
1207 1889 1298 1937 hoc
1322 1901 1398 1945 ut,
1433 1891 1468 1936 si
1500 1890 1637 1936 illum
1664 1889 1911 1937 hominem
1935 1890 1992 1936 ad

563 1970 833 2017 libertatem
858 1969 1021 2015 venire
1045 1967 1295 2024 faciamus,
1319 1968 1539 2014 eumdem
1560 1968 1603 2032 (1
1615 1970 1662 2030 ο)
1691 1966 1835 2014 filiam
1862 1977 1992 2013 tuam

567 2048 813 2112 permittas
846 2047 895 2092 in
934 2047 1210 2110 conjugium
1243 2046 1478 2109 accipere,
1506 2046 1616 2110 quia
1649 2046 1817 2092 melius
1852 2043 1992 2092 nobis

618 2196 669 2242 (ι)
696 2195 781 2228 Haec
796 2192 947 2240 epistola
966 2192 1032 2226 sub
1047 2204 1200 2227 numero
1220 2204 1264 2226 Lu
1289 2191 1327 2225 in
1344 2191 1453 2226 editis
1472 2198 1633 2226 notatur.

619 2255 669 2299 (2)
694 2252 929 2299 Cod.fidelis
949 2254 1096 2286 nostris.

621 2311 670 2359 (5)
698 2311 790 2347 Cod.
812 2311 977 2345 eulole‘as.

620 2373 670 2417 (4)
694 2370 786 2406 Cod.
811 2369 994 2417 dom-inici.
1018 2369 1115 2404 Edit.
1140 2369 1280 2405 domini
1297 2372 1366 2404 sui.

621 2430 675 2478 (5)
703 2428 794 2465 Cod.
815 2435 1075 2474 proesenlalas.

621 2490 673 2536 (6)
702 2489 764 2523 11ae
779 2487 856 2522 dnae
875 2500 979 2523 voces
992 2515 1000 2530 ‚
1019 2487 1119 2522 nullo
1139 2500 1251 2523 vacuo
1272 2489 1406 2535 spatio,
1431 2489 1467 2522 iu
1483 2487 1608 2522 codice
1627 2487 1899 2525 desiderantur.

623 2550 675 2599 (7)
702 2551 786 2585 Haec
803 2548 956 2595 epistola
977 2549 1044 2583 sub
1063 2560 1217 2583 numero
1235 2561 1293 2583 Lm
1312 2550 1350 2584 in
1368 2548 1456 2584 edit.
1477 2555 1639 2584 notatur.

624 2609 675 2656 (8)
703 2608 796 2643 Cod.
819 2608 894 2642 illo.

624 2670 675 2717 (9)
699 2668 792 2705 Cod.
812 2669 1054 2703 conscentias.

621 2731 693 2774 (ιο)
719 2729 809 2763 Cod.
832 2728 994 2768 eandem.
