1979 3348
507 225 765 265 APPENDJX
798 228 968 267 PRIOR.
1374 230 1448 268 153

38 303 220 364 Pippino
238 337 248 356 ,
277 304 450 362 regique
480 306 905 364 magnificentissimo
921 341 930 359 ,
961 307 1037 350 Ille
1056 306 1233 350 humilis
1255 307 1447 350 servulus

39 392 79 424 et
116 380 343 424 clientulus
390 392 548 434 vester,
586 394 815 443 oratorque
855 400 930 443 per
959 387 1103 427 omnia
1134 385 1330 432 sedulus.
1373 403 1449 445 per

38 459 149 501 hanc
177 458 397 517 epistolam
414 494 423 511 ,
448 471 629 503 vestram
653 461 996 520 magnitudinem
1024 465 1068 506 in
1088 464 1277 507 Domino
1303 464 1447 508 domi-

38 551 193 578 norum
235 546 358 595 opto,
399 547 439 579 et
484 539 605 580 mitto
642 540 941 598 sempiternam
978 539 1173 583 salutem.
1203 567 1262 575 —
1282 542 1452 585 Gratias

36 613 180 671 itaque
211 628 291 671 ago
327 614 611 672 omnipotenti
635 615 744 658 Deo.
770 615 944 658 Summa
968 632 1066 659 cum
1099 618 1378 676 prosperitate
1404 619 1448 661 in

37 691 209 733 servitio
251 689 416 732 domiui
454 692 538 734 mei
570 692 769 750 perveni,
812 704 1092 753 receptusque
1132 693 1185 736 ab
1225 711 1276 737 eo
1326 695 1450 738 solita

36 765 323 824 benignitate,
360 766 476 810 illius
503 769 548 810 in
578 771 800 828 praesentia
829 773 1039 830 gratiosus
1074 773 1277 815 consisto.
1312 773 1451 816 Multa

36 858 221 901 namque
246 843 300 886 ab
323 844 473 887 eodem
497 847 689 905 piissimo
717 863 816 906 rege
845 849 1050 892 melliflua
1077 849 1205 892 verba
1224 849 1276 892 de
1303 851 1450 892 vestris

35 921 228 980 partibus
249 923 479 981 inquisitus
494 923 576 967 fui.
597 925 681 968 Sed
698 927 741 968 in
761 928 926 971 cunctis
947 927 1326 987 exquisitionibus,
1350 929 1451 987 qui-

35 997 199 1057 busque
237 999 420 1042 libenter
452 1001 593 1044 audiri
629 1004 791 1056 merui,
828 1004 984 1048 talibus
1026 1006 1298 1065 omnipotens
1343 1005 1452 1047 mihi

35 1076 292 1121 ministravit
313 1080 544 1138 responsis,
569 1081 687 1140 quod
705 1083 896 1126 animum
913 1083 1045 1136 illius,
1069 1083 1187 1126 velut
1203 1083 1452 1126 suavissima

35 1152 222 1197 melodia
246 1156 325 1211 (1),
352 1172 479 1200 sacrae
507 1158 792 1216 jucunditatis
812 1161 970 1220 gaudio
993 1163 1254 1220 inrigarunt.
1279 1163 1332 1204 Et
1354 1160 1451 1204 ideo

35 1232 265 1276 ineffabilis
283 1233 399 1278 illius
423 1235 649 1280 clementia
671 1254 772 1297 erga
794 1240 1088 1284 excellentiam
1112 1250 1319 1292 vestram,
1343 1240 1453 1282 sicut

36 1307 216 1367 dignum
243 1321 325 1364 est,
352 1314 557 1372 optimam
577 1314 707 1359 habet
728 1316 1009 1360 voluntatem.
1031 1317 1178 1376 Quam
1195 1331 1315 1368 vero,
1336 1314 1451 1374 [per]

36 1388 181 1430 omnia
207 1405 302 1447 quae
327 1389 440 1433 dicta
472 1401 596 1445 sunt,
619 1392 692 1435 ille
712 1394 905 1437 servulus
929 1405 1066 1437 vester
1086 1395 1182 1437 viva
1204 1409 1309 1436 voce
1334 1391 1456 1434 vobis

35 1474 173 1522 potest
193 1482 384 1509 narrare.
418 1469 615 1511 Fuerunt
641 1470 862 1529 quondam
887 1482 929 1515 et
947 1488 1086 1531 pares,
1108 1487 1217 1530 quos
1236 1481 1278 1514 et
1294 1470 1456 1512 amicos

35 1540 192 1586 habere
212 1544 430 1602 putabam,
445 1556 616 1604 pectore
639 1564 872 1601 venenoso,
893 1559 1114 1592 currentes
1137 1559 1368 1607 antequam
1392 1562 1458 1589 ve-

36 1618 206 1672 nissem,
233 1637 372 1664 meam
399 1625 541 1667 conati
571 1635 669 1667 sunt
693 1640 893 1669 accusare
916 1627 1150 1669 miseriam.
1177 1624 1260 1669 Sed
1286 1624 1358 1668 ille
1380 1623 1456 1682 qui

36 1706 292 1740 cunctorum
310 1699 431 1742 novit
452 1700 643 1754 occulta,
670 1702 870 1745 misertus
888 1712 949 1746 est
968 1702 1135 1746 famulo
1163 1719 1257 1755 su0,
1285 1716 1458 1745 eorum-

34 1789 117 1830 que
140 1774 486 1819 machinamenta
521 1779 658 1836 magis
682 1779 835 1836 juvare
873 1790 1098 1838 coeperunt
1119 1794 1249 1837 quam
1279 1775 1456 1835 aliquod

35 1848 184 1892 dolum
217 1861 431 1909 parerent.
469 1853 638 1896 Cuncta
674 1870 798 1906 vero,
832 1871 927 1913 quae
962 1854 1144 1898 latenter
1181 1852 1455 1901 mentiendo,

36 1924 89 1966 ad
113 1941 235 1968 aures
257 1927 483 1985 praeclaras
510 1930 593 1972 nisi
616 1940 715 1973 sunt
739 1947 939 1974 accusare
948 1965 1254 1974 .......
1291 1929 1460 1972 cunctis

34 2003 444 2062 principibuS,idem
462 2007 550 2065 ipse
569 2007 923 2052 clementissimus
943 2026 1015 2052 rex
1032 2010 1157 2062 mihi,
1172 2008 1336 2051 famulo
1360 2023 1455 2059 suo,

36 2079 236 2139 dignatus
253 2093 313 2125 est
330 2083 562 2127 clementer
580 2101 772 2139 narrare,
788 2086 905 2145 quod
927 2097 968 2130 et
986 2088 1076 2131 haec
1094 2088 1239 2130 omnia
1257 2085 1459 2146 praefatus

34 2157 105 2201 ille
141 2161 287 2203 vestris
320 2161 363 2202 in
402 2162 580 2204 auribus
610 2163 864 2222 prudentius
902 2175 1038 2224 potest
1076 2165 1251 2208 referre.
1289 2164 1459 2207 Habere

34 2247 175 2280 autem
200 2237 323 2281 illum
341 2256 474 2282 unum
496 2257 546 2282 ex
569 2242 679 2283 veris
697 2243 846 2285 amicis
866 2253 907 2286 et
929 2242 1101 2286 fidelem
1125 2243 1342 2286 servulum
1369 2259 1456 2285 non

34 2312 252 2367 dubitetis,
264 2317 356 2374 qui,
376 2317 419 2358 in
439 2328 648 2376 quantum
667 2335 788 2362 mens
806 2320 922 2363 illius
938 2321 1180 2380 praevaluit,
1195 2321 1247 2364 de
1261 2321 1458 2381 prosectu

33 2401 172 2434 vestro
184 2403 225 2435 et
238 2393 373 2451 gloria
389 2411 533 2438 coram
549 2396 728 2440 domino
743 2408 890 2441 nostro
901 2399 1082 2442 viriliter
1097 2409 1258 2443 certare
1274 2399 1453 2443 studuit.

34 2467 109 2510 Ille
130 2478 288 2520 noster,
313 2486 458 2527 quem,
479 2481 525 2514 ut
540 2475 726 2516 animam
746 2491 902 2528 meam,
923 2477 965 2519 in
986 2487 1124 2521 vestro
1142 2479 1204 2534 (2)
1223 2477 1454 2535 diligebam

81 2662 129 2706 (ι)
150 2662 241 2695 (lod.
259 2662 416 2696 melodia
431 2664 482 2697 ad
500 2667 635 2711 sacrij.

83 2714 132 2761 (2)
152 2716 244 2750 cod.
266 2719 441 2753 ulamma
459 2732 537 2753 mea
554 2722 591 2754 in
611 2728 752 2757 vestra.
