2105 3348
611 282 660 318 68
1037 272 1289 311 ΕΙΝΠΑΡιΒΙ
1321 272 1590 312 EPISTOLAE.

614 358 820 421 injurias,
848 353 904 398 ab
940 352 1111 415 iniquis
1137 351 1323 415 regibus
1355 350 1486 397 vobis
1516 352 1680 408 illatas,
1712 353 1902 401 fortiter
1932 372 2012 400 re-

609 433 790 497 pulistis
824 431 921 492 (i),
957 438 1003 474 et
1035 428 1299 474 crudelitati
1338 438 1478 491 atque
1508 426 1715 475 aviditati
1747 431 1814 492 (2)
1847 448 2011 477 eorum

609 511 808 556 riviliter
838 505 1089 553 restitistis.
1120 505 1257 565 Quod
1289 516 1335 553 et
1367 523 1448 551 vos
1473 505 1616 552 modo
1647 505 1798 554 facere
1828 508 2012 554 multo-

608 604 712 632 rum
739 584 967 631 relatione
996 583 1262 630 didicimus.
1291 584 1593 647 Quapropter
1615 585 1900 647 complacuit
1924 602 2013 632 no-

606 665 675 709 bis
703 664 757 709 ad
790 680 871 709 vos
906 661 983 707 has
1011 661 1189 707 litteras
1212 661 1439 726 dirigere,
1469 678 1645 725 vosque
1670 661 1903 708 consolari
1938 672 2012 708 at-

604 759 697 806 que
722 739 960 787 exhortari
985 748 1037 784 ut
1059 739 1106 784 in
1134 756 1202 793 ea,
1229 756 1319 802 qua
1343 738 1569 802 coepistis,
1595 738 1826 785 libertatis
1847 749 2011 785 vestra?

603 818 876 865 defensione
901 826 1065 863 eontra
1094 815 1466 862 crudelissimum
1494 833 1652 880 regem
1677 818 1982 878 perseveretis
2002 853 2012 872 ‚

606 907 650 943 et
671 897 824 942 furori
845 904 984 959 atque
1005 894 1197 939 saevitiae
1220 893 1361 949 illius,
1387 893 1550 956 [sicut]
1575 894 1798 940 hactenus
1820 894 2010 948 fecistis,

608 973 769 1020 cedere
791 989 888 1018 non
912 971 1192 1035 dignemini.
1229 971 1293 1016 Et
1323 971 1434 1036 quia
1463 971 1586 1017 idem
1616 988 1698 1017 rex
1730 972 2014 1018 certissimus

606 1050 893 1097 adversarius
913 1059 960 1095 et
985 1048 1206 1094 inimicus
1224 1058 1318 1094 tam
1338 1058 1501 1095 noster
1520 1066 1663 1113 quam
1682 1058 1728 1095 et
1744 1060 1897 1096 vester
1918 1061 1986 1096 est
2001 1085 2011 1102 ,

607 1128 849 1175 communi
867 1125 1066 1174 consilio
1083 1137 1248 1172 contra
1268 1126 1495 1172 saevitiam
1513 1127 1584 1189 (3)
1603 1128 1699 1189 ejus
1716 1126 2011 1172 dimicemus.

606 1207 836 1254 Volumus
876 1206 1004 1252 enim
1024 1240 1035 1259 ,
1077 1222 1185 1251 cum
1226 1205 1307 1251 Dei
1353 1204 1699 1267 omnipotentis
1743 1204 1979 1269 adjutorio
2001 1239 2012 1255 ‚

606 1286 821 1349 proxima
854 1294 1013 1330 &estate
1048 1283 1305 1329 exereitum
1336 1292 1557 1330 nostrum
1585 1282 1642 1328 ad
1665 1300 1871 1328 marcam
1901 1300 2015 1329 nos-

606 1373 726 1408 tram
753 1363 826 1426 (4)
848 1362 1038 1409 mittere
1052 1397 1064 1416 ‚
1088 1372 1141 1406 ut
1161 1360 1224 1407 ibi
1246 1369 1537 1425 praeparatus
1556 1360 1710 1408 sedeat
1734 1371 1782 1407 et
1804 1370 2017 1424 expectet

603 1439 754 1487 donec
777 1457 860 1487 vos
881 1437 1114 1485 mandetis
1141 1438 1334 1503 quando
1360 1455 1644 1501 promovere
1666 1436 1861 1493 debeat,
1892 1438 1928 1483 si
1955 1438 2018 1482 ita

606 1518 739 1564 vobis
764 1517 950 1564 bonum
969 1516 1121 1561 visum
1141 1516 1303 1571 fuerit,
1331 1526 1384 1560 ut
1406 1526 1603 1580 propter
1626 1533 1708 1562 vos
1731 1514 2017 1580 adjuvandos

607 1595 825 1642 eumdem
860 1594 1121 1641 exercitum
1163 1603 1330 1640 contra
1374 1610 1649 1640 communes
1687 1593 1760 1655 (5)
1804 1592 2021 1639 inimicos

605 1683 813 1727 nostros,
840 1671 923 1735 qui
949 1672 998 1717 in
1021 1687 1176 1717 marea
1199 1680 1359 1717 nostra
1389 1669 1613 1726 resident,
1642 1670 1896 1733 dirigamus
1927 1689 1937 1714 ε
1965 1667 2020 1713 ad

608 1752 697 1799 hoc
709 1761 780 1806 ut,
795 1748 1182 1808 siAbdirhaman,
1201 1748 1273 1795 vel
1288 1747 1519 1796 exercitus
1537 1749 1651 1810 ejus,
1667 1757 1832 1794 contra
1849 1764 1932 1794 vos
1942 1764 2019 1793 ve-

607 1830 711 1875 nire
729 1827 951 1882 voluerit,
981 1827 1054 1871 isti
1083 1844 1166 1889 per
1185 1836 1405 1872 nostrum
1422 1825 1684 1872 exercitum
1702 1822 2022 1888 impediantur

609 1916 661 1951 ut
693 1905 759 1950 illi
795 1914 842 1950 et
873 1903 1100 1950 exercitui
1127 1904 1198 1966 (6)
1225 1905 1320 1967 ejus
1353 1903 1402 1948 in
1427 1902 1719 1966 adjutorium
1753 1912 1918 1949 eontra
1941 1917 2023 1947 vos

610 1983 770 2031 venire
794 1999 893 2029 non
917 1981 1117 2027 valeant.
1148 1979 1267 2026 Nam
1293 1990 1446 2027 certos
1470 1998 1553 2027 vos
1584 1979 1781 2025 facimus
1804 1977 1960 2043 quod,
1986 1979 2021 2024 si

610 2062 668 2108 ab
712 2061 793 2107 illo
828 2077 910 2106 vos
948 2069 1180 2115 avertere,
1221 2070 1267 2106 et
1297 2058 1353 2105 ad
1383 2075 1471 2105 nos
1502 2068 1779 2105 convertere
1815 2056 2024 2104 volueri-

614 2138 696 2192 tis,
731 2137 923 2200 antiqua
956 2134 1173 2182 libertate
1204 2145 1355 2182 vestra
1391 2135 1496 2198 (7),
1532 2133 1801 2197 plenissime
1843 2143 1890 2179 et
1925 2132 2024 2178 sine

615 2214 707 2260 ulla
737 2212 1080 2267 diminutione,
1120 2211 1253 2259 vobis
1284 2213 1353 2259 uti
1396 2211 1724 2265 concedimus,
1763 2220 1812 2256 et
1850 2209 2024 2274 absque

661 2442 712 2485 (ι)
739 2438 828 2475 Cod.
851 2439 1051 2483 reppulisti.

664 2501 716 2541 (Ἰ)
741 2495 833 2532 Cod.
854 2494 1038 2529 aviditate,

665 2557 713 2599 (3)
738 2555 832 2591 Cod.
852 2556 1046 2588 servitiam.

666 2617 716 2660 (l.)
744 2613 842 2648 Edit.
862 2618 1037 2647 vestram.

668 2674 718 2719 (5)
743 2672 833 2707 Cod.
856 2683 1053 2706 commum<

667 2734 717 2775 (6)
742 2731 839 2769 Edit.
861 2732 1052 2765 exercilus.

685 2795 714 2838 ’ᾗῇ
743 2791 832 2825 (Iud.
855 2796 1029 2824 vestram.
