2105 3348
591 260 668 296 290
888 253 1125 291 HISTORIA
1156 252 1577 298 TRANSLATIONIS,
1606 266 1683 290 Ere.

592 336 720 401 quod
745 334 888 389 idem,
916 350 1015 378 non
1041 331 1212 390 latine,
1239 330 1317 377 sed
1338 329 1582 376 barbarice
1602 330 1690 375 sibi
1716 331 1988 393 loquentem

590 409 904 474 intelligebat;
936 419 1125 454 curatus
1149 418 1331 463 autem,
1361 424 1457 453 non
1485 405 1707 463 barbaro,
1740 405 1818 452 sed
1842 406 1991 452 latino

588 505 803 536 sermone
840 485 1140 551 loquebatur.
1177 485 1268 544 Qui
1308 485 1448 531 etiam
1487 483 1646 531 beatos
1680 484 1912 548 Martyres
1944 501 1990 529 se

584 567 750 612 vidisse
766 600 779 622 ,
809 575 856 609 et
879 563 1027 609 multa
1051 581 1157 628 quae
1184 563 1284 608 aliis
1307 562 1462 608 dicere
1484 560 1677 607 deberet
1692 596 1705 618 ,
1739 559 1797 606 ab
1829 559 1920 605 illis
1943 577 1989 605 se

585 642 763 688 audisse
783 641 1011 687 narravit.
1029 640 1117 686 Sed
1141 657 1247 685 cum
1269 657 1336 695 ea,
1351 638 1480 685 velut
1498 638 1545 683 in
1561 638 1818 683 erastinum
1833 635 1991 682 dietu-

585 737 682 775 rus,
709 720 758 765 in
779 719 1002 782 praesenti
1022 717 1199 764 referre
1222 715 1477 763 distulisset
1495 752 1507 772 ,
1537 715 1586 762 in
1607 725 1794 761 tantum
1820 714 1886 759 illi
1908 731 1991 777 per

583 796 876 844 oblivionem
907 795 1057 842 deleta
1092 805 1232 851 sunt,
1268 804 1321 840 ut
1356 792 1474 839 nihil
1509 793 1565 839 de
1601 792 1672 839 his
1710 792 1909 839 omnino
1945 809 1991 837 se

583 874 764 920 audisse
786 873 1031 920 recoleret.
1061 874 1200 918 Hune
1226 890 1335 936 ego,
1358 875 1467 935 quia.
1489 888 1665 918 nomen
1685 887 1820 915 suum
1850 869 1990 933 igno-

581 952 714 997 rabat
729 987 741 1008 ,
769 961 967 1015 propter
991 967 1271 1014 prosperum
1294 949 1484 994 virtutis
1510 948 1727 993 effectum
1744 983 1756 1002 ,
1785 947 1988 1009 Prospe—

581 1047 688 1075 rum
725 1029 879 1075 vocari
906 1028 1039 1091 jussi.
1075 1028 1167 1086 Qui
1198 1027 1349 1073 adhuc
1383 1035 1618 1089 superest,
1654 1034 1701 1070 et
1728 1023 1850 1088 apud
1880 1041 1989 1069 cus—

583 1107 743 1153 todem
762 1107 990 1162 ecclesiae,
1015 1108 1061 1151 in
1080 1106 1262 1161 eodem,
1285 1122 1381 1169 quo
1402 1104 1721 1168 prius-fuerat,
1746 1113 1990 1166 permanet

577 1183 747 1229 officio.

648 1654 726 1698 55.
764 1649 920 1695 Pridie
953 1665 1064 1694 vero
1094 1666 1232 1714 quaxn
1268 1648 1342 1694 hic
1374 1649 1576 1711 Prosper
1607 1647 1843 1711 loquelam
1871 1665 1994 1694 rece-

581 1731 752 1794 pisset,
792 1727 882 1774 hoc
916 1738 984 1772 est
1018 1728 1065 1772 in
1098 1726 1252 1791 vigilia
1293 1726 1497 1789 ejusdem
1530 1725 1824 1782 festivitatis,
1865 1727 1994 1772 venit

583 1806 773 1872 quidam
795 1805 1006 1868 juvenis,
1037 1804 1253 1851 similiter
1279 1804 1447 1850 surdus
1471 1813 1517 1849 et
1540 1814 1723 1860 mutus,
1754 1803 1800 1849 in
1827 1801 1991 1848 basili—

583 1901 710 1939 cam3
739 1893 809 1938 et,
839 1899 947 1927 eum
972 1881 1170 1945 supplici
1197 1891 1330 1946 gestu
1346 1898 1486 1945 opem
1504 1881 1788 1928 Sanctorum
1816 1881 1995 1945 implo-

583 1970 732 2016 raret,
759 1958 1007 2022 adjuvante
1031 1957 1265 2014 Domino,
1294 1968 1340 2005 et
1364 1958 1460 2022 ipse
1484 1957 1742 2022 plenariam
1774 1957 1831 2005 de
1858 1967 1996 2005 utro-

581 2055 673 2103 que
700 2035 874 2083 morbo
902 2037 1080 2082 meruit
1103 2037 1314 2100 recipere
1346 2037 1610 2082 sanitatem.
1641 2038 1780 2083 Hunc
1809 2036 1993 2092 itidem,

583 2127 636 2161 ut
669 2116 904 2179 priorem,
932 2115 1040 2179 quia
1078 2132 1255 2161 nomen
1291 2132 1429 2160 suum
1462 2132 1724 2178 numquam
1758 2114 1991 2171 audierat,

587 2192 926 2239 Godescalcum
942 2192 1188 2255 appellavi.
1212 2194 1251 2237 ls
1275 2204 1447 2248 tamen,
1473 2209 1570 2239 non
1587 2202 1641 2236 ut
1655 2193 1874 2255 Prosper,
1896 2192 1992 2248 sed,

586 2280 640 2314 ut
658 2268 746 2315 sibi
767 2268 1058 2332 gentilitium
1079 2279 1202 2325 erat,
1228 2268 1430 2314 barbaro
1451 2285 1667 2315 sermone
1689 2268 1992 2334 loquebatur,

585 2355 833 2410 postquam
860 2344 898 2389 ei
932 2361 1015 2407 per
1044 2345 1209 2391 merita
1243 2345 1524 2391 Sanctorum
1558 2347 1690 2409 copia
1718 2347 1843 2393 fandi
1874 2364 1994 2394 eon-

586 2441 707 2470 cessa
735 2433 819 2469 est.
880 2479 888 2483 ,
925 2432 927 2434 “

651 2501 729 2547 56.
769 2499 888 2544 Cum
920 2516 995 2545 me
1026 2500 1244 2563 quaedam
1279 2501 1549 2556 uecessitaS,
1585 2500 1843 2547 seeundum
1874 2519 1994 2550 con—

586 2575 881 2624 suetudinem
898 2612 909 2631 ,
932 2576 1211 2622 comitatum
1232 2579 1351 2641 regis
1369 2578 1494 2625 adire
1512 2579 1817 2642 compelleret
1836 2598 1993 2626 mense

586 2653 875 2708 decembrio,
908 2654 952 2699 in
985 2654 1110 2717 ipsis,
1135 2655 1168 2699 si
1195 2654 1314 2701 bene
1343 2656 1526 2712 recolo,
1554 2655 1780 2712 kalendis,
1807 2657 1862 2703 de
1886 2657 1992 2703 loco

587 2734 846 2794 Martyrum
870 2748 1177 2793 promovens,
1207 2735 1418 2797 sequenti
1443 2733 1516 2779 dio
1535 2734 1587 2779 ad
1614 2745 1840 2792 castrum,
1864 2735 1990 2799 quod
