2105 3348
648 270 725 304 250
946 264 1186 301 HISTORIA
1219 265 1639 313 TRANSLATIONIS,
1674 282 1754 306 mvn.

646 365 737 410 que
782 342 1065 405 Martyribus
1098 362 1149 389 ae
1173 355 1362 408 recepto
1411 345 1735 394 membrorum
1774 349 1963 412 vigore,
2004 351 2055 395 ad

648 424 837 486 propria
862 421 1117 484 repedavit.

717 812 796 858 36.
834 813 1012 858 Interea
1053 813 1242 877 quidam
1275 812 1446 869 homo,
1487 811 1802 859 vuillibertus
1840 813 2063 869 nomine,

652 888 775 934 haud
800 889 939 954 longe
957 908 980 935 a
1007 889 1193 936 basilica
1210 926 1221 947 ,
1253 890 1302 936 in
1326 908 1416 955 qua
1445 908 1576 936 nunc
1604 889 1859 937 beatorum
1882 894 2070 956 Marty-

651 984 761 1011 rum
783 983 981 1030 corpora
1004 968 1326 1032 requiescunt,
1349 968 1549 1015 domum
1571 967 1764 1025 habens,
1791 970 1916 1015 inter
1936 978 2071 1015 caete-

650 1061 750 1099 ros,
777 1046 857 1110 qui
883 1045 939 1091 ad
964 1047 1319 1093 venerationem
1348 1047 1521 1093 sanctis
1547 1046 1862 1094 exhibendam
1893 1064 2072 1094 conve—

652 1133 848 1179 nerant,
895 1123 951 1168 ad
1007 1123 1240 1170 feretrum
1286 1125 1501 1179 accessit,
1548 1135 1593 1170 et
1632 1125 1762 1189 quasi
1811 1141 1900 1188 pro
1945 1124 2074 1172 dono

651 1199 961 1263 quadraginta
979 1201 1197 1247 denarios
1212 1200 1410 1247 obtulit.
1434 1201 1547 1260 Qui,
1571 1219 1679 1247 eum
1703 1220 1723 1246 a
1748 1201 1886 1248 nobis
1910 1202 2072 1249 fuisset

653 1277 972 1341 interrogatus
1006 1279 1113 1343 quis
1155 1288 1302 1336 esset,
1345 1277 1558 1344 quidque
1591 1278 1679 1325 sibi
1717 1279 1856 1325 vellet
1886 1279 2076 1342 hujusce

653 1355 863 1400 muneris
885 1353 1064 1402 oblatio
1079 1392 1091 1411 ,
1113 1356 1278 1402 retulit
1294 1374 1340 1402 se
1358 1366 1466 1403 ante
1493 1373 1670 1420 paucos
1688 1356 1784 1402 dies
1799 1357 2076 1421 gravissimo

653 1432 882 1496 languore
920 1444 1220 1497 correptum,
1257 1433 1313 1480 ad
1351 1444 1560 1481 extrema
1590 1434 1732 1480 fuisse
1762 1433 2074 1498 perductum,

655 1510 772 1557 adeo
785 1522 835 1557 ut
850 1510 1160 1568 abomnibus,
1180 1513 1261 1576 qui
1281 1529 1327 1558 se
1343 1511 1578 1568 viderant,
1597 1511 1891 1577 desperatus,
1910 1512 2078 1559 admo-

659 1599 853 1634 neretur
874 1598 927 1634 ut
951 1606 1117 1635 omnes
1145 1588 1391 1636 facultates
1415 1606 1517 1635 suas
1542 1606 1631 1651 pro
1660 1587 1874 1636 remedio
1905 1589 2078 1635 animae

657 1683 754 1711 suae
779 1665 995 1712 celeriter
1019 1676 1263 1730 erogaret:
1293 1684 1433 1732 seque
1459 1667 1522 1712 ita
1549 1665 1730 1713 fecisse.
1759 1667 1959 1730 Jamque
1981 1683 2078 1713 om-

657 1741 797 1789 nihus
830 1761 938 1808 quae
972 1743 1200 1800 habebat,
1236 1743 1293 1790 ad
1330 1761 1437 1809 quae
1473 1744 1547 1807 pia
1590 1745 1690 1790 loca
1734 1743 1884 1790 danda
1918 1743 2080 1790 forent

657 1821 925 1884 dispositis,
966 1840 1116 1868 unum
1150 1840 1205 1868 ex
1231 1823 1374 1869 servis
1411 1823 1504 1868 suis
1531 1839 1643 1868 cum
1684 1822 1866 1887 ingenti
1900 1821 2079 1886 gemitu

661 1899 800 1946 fuisse
837 1911 1183 1964 conquestum,
1220 1900 1349 1966 quod
1380 1918 1631 1964 perperam
1664 1918 1717 1946 ac
1758 1900 1889 1946 valde
1926 1899 2080 1964 negli-

659 1986 827 2040 genter
851 1977 910 2023 ab
937 1978 1000 2024 eis
1022 1980 1202 2025 factum
1227 1989 1346 2025 esset
1375 1980 1423 2025 in
1450 1996 1506 2026 eo
1542 1978 1671 2043 quod
1704 1977 1825 2023 nihil
1859 1977 1916 2023 de
1939 1976 2080 2024 bonis

661 2057 758 2118 ejus
783 2057 954 2102 sanctis
979 2074 1132 2120 nuper
1158 2056 1215 2103 de
1244 2057 1392 2102 Roma
1422 2054 1725 2102 venientibus
1752 2055 1914 2101 datum
1944 2064 2077 2101 esset.

661 2134 791 2179 Tum
819 2152 865 2181 se
897 2135 1255 2180 circumstantes
1283 2135 1622 2198 interrogasse,
1653 2133 1689 2178 si
1720 2131 1898 2197 aliquid
1932 2131 1989 2178 de
2012 2149 2084 2177 re-

662 2211 750 2257 bus
783 2213 877 2257 suis
908 2230 1147 2276 superesse
1188 2213 1388 2268 scirent,
1423 2212 1553 2277 quod
1595 2210 1652 2256 ad
1697 2212 1926 2274 Martyres
1955 2210 2082 2255 mitti

663 2290 979 2352 potuisset.—
991 2290 1135 2335 Erant
1148 2289 1272 2335 enim
1288 2287 1440 2334 adhuc
1457 2289 1506 2334 in
1519 2286 1882 2342 Michilinstadt,
1898 2296 1943 2332 et
1959 2303 2084 2333 non-

663 2367 776 2413 dum
801 2365 1038 2431 aliquibus
1066 2367 1210 2431 signis
1247 2366 1557 2421 inclaruerat,
1586 2365 1715 2429 quod
1748 2365 1854 2410 inde
1880 2364 2084 2427 migrare

663 2445 911 2494 deberent,
930 2474 990 2481 -
1007 2446 1130 2490 Tum
1150 2444 1402 2509 quemdam
1429 2443 1725 2507 respondisse
1740 2479 1751 2498 ‚
1779 2443 2007 2507 quoniam
2026 2441 2082 2488 de

663 2524 887 2571 omnibus
915 2524 1056 2570 rebus
1079 2526 1175 2587 ejus
1197 2541 1318 2569 unus
1347 2533 1532 2569 tantum
1558 2540 1733 2586 porcus
1754 2522 2051 2569 remansisset
2068 2556 2079 2576 ‚

665 2614 710 2649 et
736 2620 834 2649 non
876 2618 972 2649 esse
997 2601 1277 2665 deputatum
1315 2618 1413 2664 quo
1451 2600 1550 2646 dari
1589 2599 1784 2646 deberet
1805 2635 1817 2655 ,
1847 2609 1962 2644 tunc
1994 2598 2080 2643 sibi

667 2681 1027 2745 compiacuisse,
1056 2697 1198 2743 seque
1223 2680 1524 2743 praecepisse,
1550 2689 1603 2724 ut
1622 2677 1979 2724 venundaretur
1996 2712 2006 2731 ,
2036 2687 2082 2720 et

668 2768 772 2820 post
797 2755 982 2803 obitum
1011 2773 1146 2801 suum
1174 2756 1381 2818 pretium
1420 2755 1533 2801 iilud
1559 2755 1612 2800 ad
1640 2755 1906 2818 Martyrum
1936 2752 2083 2797 luini-
