2105 3348
105 2191 119 2301 de-0*

633 297 707 333 170
1008 291 1072 328 AD
1104 287 1357 327 EINHARDI
1390 286 1653 326 EPISTOLAS

630 386 717 417 tum
743 373 794 415 ad
818 374 904 414 voti
926 379 1083 429 spectat
1104 368 1435 428 impatientiam,
1460 377 1673 410 maturum
1699 378 1835 410 tamen
1861 377 2033 427 propter

630 451 740 493 illius
756 450 929 507 justitiae
945 446 1128 506 pondus,
1147 447 1235 489 sine
1253 444 1384 488 dubio
1401 444 1651 504 praestolari.
1664 445 1853 488 Obsecro
1872 455 2031 497 autem,

627 529 750 585 legite
773 526 872 568 libri
903 526 1036 568 sancti
1069 524 1301 582 Augustini
1327 523 1398 565 De
1424 525 1597 566 civitate
1622 523 1712 566 Dei
1734 541 1804 566 xx1
1820 557 1830 576 ,
1861 523 2034 567 titulum

625 623 755 659 xxvn,
783 617 822 649 et
848 605 986 649 videte
1011 606 1044 648 si
1068 621 1154 648 non
1176 606 1242 648 his
1260 621 1353 664 quae
1370 606 1519 665 scripsi
1537 605 1656 664 paria
1673 604 1725 648 de
1750 603 1897 648 eadem
1923 605 2034 648 cala-

625 686 766 727 mitate
799 685 862 727 vir
882 683 952 726 ille
976 683 1112 726 divini
1134 683 1298 741 ingenii
1322 683 1524 736 senserit3
1551 698 1644 741 quae
1663 681 1788 741 plane
1813 697 2033 740 nunquam

624 773 718 805 ante
742 761 951 821 legeram,
978 761 1050 804 sed
1077 777 1173 804 cum
1200 770 1343 817 postea
1375 777 1423 804 ea
1445 760 1774 820 percurrissem,
1800 757 2034 801 admodum

623 838 798 881 miratus
825 855 917 881 sum
939 854 1033 881 mea
1054 848 1139 881 tam
1164 837 1320 881 similia
1343 853 1468 881 sensu
1487 837 1617 881 'fuisse
1633 871 1643 891 ,
1670 847 1717 880 ut
1741 836 1793 880 ab
1817 837 1883 879 his
1912 837 2034 880 colo-

624 931 711 956 rem
737 916 908 957 traxisse
941 915 1109 974 penitus
1138 913 1402 958 viderentur.
1434 915 1646 959 Caeterum
1676 913 1955 973 profectionis
1990 914 2034 956 in

622 993 802 1050 patriam
818 1026 829 1046 ,
853 1008 901 1035 ac
926 1009 1000 1052 per
1019 993 1101 1035 hoc
1123 990 1177 1034 ad
1198 1008 1296 1045 vos,
1319 1001 1485 1051 tempus
1506 991 1775 1050 aliquantum
1798 989 2036 1050 producere

623 1079 796 1112 coactus
818 1086 928 1113 sum.
952 1071 1145 1129 Namque
1169 1069 1403 1113 venerabili
1425 1071 1518 1112 viro
1541 1067 1833 1112 Marcuuardo
1856 1069 1937 1125 (1),
1959 1083 2036 1126 per

622 1162 746 1205 quem
766 1164 860 1191 mea
881 1149 1065 1192 reversio
1086 1147 1429 1192 administranda
1445 1157 1529 1200 est,
1555 1164 1654 1191 cum
1675 1148 1720 1190 in
1739 1146 1907 1190 Italiam
1926 1146 2036 1204 lega-

622 1233 687 1266 tus
711 1226 964 1280 mitteretur,
986 1242 1034 1270 ac
1055 1242 1123 1270 me
1146 1226 1265 1285 prius
1286 1225 1340 1268 ad
1362 1241 1487 1269 suum
1505 1224 1771 1284 colloquium
1793 1233 1841 1266 ut
1863 1223 2035 1266 amicis-

621 1301 775 1344 simum
792 1304 1073 1357 evocavisset,
1095 1304 1202 1347 mihi
1220 1303 1493 1347 consuluerat
1510 1313 1558 1346 ut
1573 1303 1676 1346 hinc
1688 1336 1700 1356 ,
1719 1302 1787 1345 die
1800 1317 1885 1361 qua
1902 1301 2035 1359 signi-

623 1376 849 1422 ficaveram
902 1380 1022 1424 vobis
1079 1380 1301 1433 recedens,
1351 1381 1616 1423 sanctitatem
1666 1389 1848 1422 vestram
1893 1386 2035 1437 petere

623 1453 878 1499 debuissem.
919 1458 1080 1500 Verum
1121 1457 1298 1500 illustris
1331 1457 1463 1501 abbas
1506 1456 1733 1500 Hrabanus
1757 1453 2033 1515 postmodum

621 1548 834 1591 regressus
851 1551 875 1577 a
894 1534 1052 1595 palatio
1074 1534 1203 1588 soret,
1216 1551 1368 1588 necne,
1381 1551 1457 1594 per
1473 1534 1517 1577 id
1536 1534 1739 1592 temporis
1753 1532 1846 1575 istic
1860 1539 2035 1591 propter

622 1609 879 1668 legationem
898 1612 979 1655 sibi
996 1613 1264 1655 commissam
1279 1645 1293 1664 ,
1316 1611 1370 1654 ad
1394 1610 1608 1670 liquidum
1628 1611 1734 1653 scire
1755 1625 1843 1651 non
1864 1606 2004 1667 potuit
2021 1625 2032 1659 ζ,

624 1695 749 1744 atque
771 1687 825 1729 ob
848 1704 940 1730 eam
964 1705 1053 1731 rem
1076 1689 1270 1732 hortatus
1290 1698 1352 1732 est
1376 1698 1422 1731 ut
1444 1688 1629 1731 reditum
1647 1703 1792 1730 meum
1819 1685 1874 1728 ad
1898 1699 2034 1728 nonas

622 1761 739 1803 Junii
754 1762 990 1817 differrem,
1003 1764 1177 1822 quando
1195 1765 1439 1808 solemnitas
1457 1763 1813 1807 sanctiBonifacii
1831 1778 1872 1804 se
1891 1762 2033 1804 abesse

622 1839 799 1882 minime
821 1841 1002 1895 sineret,
1025 1842 1106 1884 nisi
1123 1841 1232 1886 sorte
1253 1843 1334 1901 ipsi
1354 1858 1526 1901 quoque
1550 1839 1781 1900 imperialis
1800 1839 2006 1897 jussionis
2021 1871 2030 1888 ,

621 1925 661 1956 et
685 1931 733 1957 ea
750 1932 878 1975 quam
896 1918 1161 1975 gravissima,
1180 1917 1482 1977 praejudicaret
1496 1917 1742 1960 auctoritas.
1759 1916 1922 1975 Itaque,
1935 1931 2032 1958 cum

621 2007 741 2034 suam
775 2003 870 2051 post
903 1996 1213 2052 regressionem
1247 1994 1563 2038 Marcuuardus
1588 2011 1639 2038 ex
1676 2010 1744 2037 me
1776 1994 2001 2053 quaesitum
2020 2026 2030 2045 ,

619 2069 792 2127 quando
810 2072 1078 2129 potissimum
1101 2073 1257 2116 reverti
1275 2072 1429 2116 vellem
1445 2106 1456 2125 ,
1481 2074 1662 2115 misisset
1676 2105 1687 2126 ,
1709 2080 1954 2114 memoratae
1970 2071 2031 2113 rei

619 2161 761 2199 causa,
781 2162 913 2205 equos
937 2148 1024 2191 huc
1041 2148 1324 2192 adducendos
1342 2159 1391 2192 ut
1411 2149 1550 2208 pridie
1572 2164 1708 2191 nonas
1723 2148 1841 2191 Junii
1862 2156 2032 2190 curaret

620 2223 742 2279 petii3
762 2239 865 2281 quo,
881 2224 1051 2268 Christo
1074 2227 1279 2286 propitio,
1295 2243 1374 2269 vm
1396 2226 1458 2270 id.
1480 2225 1673 2284 ejusdem
1695 2225 1852 2268 mensis
1874 2226 1956 2267 iter
1977 2222 2031 2266 ad

619 2315 693 2342 vos
710 2316 874 2359 possem
896 2304 1100 2361 arripere.
1123 2304 1256 2363 Quod
1276 2304 1348 2348 ille
1363 2339 1372 2357 ‚
1401 2305 1434 2347 si
1458 2305 1545 2346 vita
1567 2319 1708 2346 comes
1723 2303 1879 2355 fuerit,
1897 2301 2029 2345 indu-

618 2375 801 2420 bitanter
818 2379 1026 2438 implebit.
1047 2380 1197 2440 Quare
1220 2391 1384 2424 certum
1410 2380 1523 2424 diem
1540 2379 1714 2439 quidem
1731 2414 1741 2432 ,
1766 2395 1852 2438 quo
1877 2378 1932 2422 ad
1955 2393 2030 2420 vos

618 2463 822 2497 venturus
847 2456 949 2508 sim,
983 2459 1221 2516 exprimere
1252 2474 1339 2501 non
1362 2457 1523 2511 audeo,
1550 2456 1623 2500 sed
1654 2457 1767 2499 intra
1788 2454 2027 2498 hebdoma-

618 2529 733 2583 dam,
758 2547 852 2590 quae
876 2548 1009 2576 nonas
1025 2534 1143 2577 Junii
1166 2537 1354 2594 caeperit,
1377 2536 1554 2578 omnino
1572 2550 1641 2579 me
1659 2544 1905 2586 venturum,
1936 2533 2027 2575 Deo

617 2608 800 2659 volente,
821 2609 1048 2653 confirmo.
1067 2612 1205 2670 Atque
1218 2614 1382 2656 utinam
1400 2622 1675 2656 exoneratum
1695 2612 1814 2654 omni
1827 2625 2026 2653 curarum

659 2794 708 2838 (ι)
726 2794 853 2829 Marcu
862 2794 927 2830 ard
943 2796 1033 2832 abbe
1052 2796 1100 2831 du
1121 2799 1323 2834 nionastcre
1339 2798 1383 2834 de
1400 2799 1526 2834 Prum.
1550 2799 1642 2845 Yoy.
1662 2811 1723 2833 sur
1738 2804 1830 2833 cette
1848 2795 2019 2842 legatiom

617 2855 766 2904 'l'ltegan
780 2886 787 2899 ‚
812 2870 883 2893 ι,ιιι.
