2105 3348
635 275 713 310 252
934 269 1174 307 HISTORIA
1206 268 1627 313 'l‘RANSLATl'lOle',
1658 283 1737 308 ETc,

630 353 757 398 naria
781 354 1068 396 mitteretur.
1098 347 1281 408 Quibus
1303 347 1458 395 verbis
1474 349 1696 411 expletis,
1728 359 1820 394 tam
1837 349 2041 395 subitam

631 449 676 477 se
694 428 854 474 asserit
879 427 1071 473 sensisse
1091 426 1318 472 medelam
1335 462 1348 484 ‚
1378 437 1429 471 ut
1448 427 1669 489 protinus
1685 462 1696 482 ,
1725 428 1856 473 omni
1878 427 2043 474 dolore

629 506 817 570 fugato,
850 506 991 551 ctiam
1022 504 1189 551 edendi
1229 504 1513 551 desiderium
1554 504 1798 563 habuerit,
1841 504 2043 569 ciboque

629 592 846 646 sumpto,
874 582 920 627 in
950 591 1134 627 tantum
1163 581 1294 627 brevi
1320 582 1619 629 confortatus
1644 583 1706 628 sit
1733 592 1785 627 ιιι
1816 583 1862 627 in
1883 584 2043 628 crasti-

628 679 742 707 num
767 660 823 706 ad
838 678 980 707 omne
998 677 1117 724 opus
1133 699 1142 717 ‚
1167 660 1294 724 quod
1315 662 1379 707 rei
1399 659 1645 706 familiaris
1666 662 1913 707 necessitas
1931 677 2044 724 pos-

628 737 817 783 tulasset
833 772 844 793 ‚
880 735 1235 799 procurandum
1279 737 1349 783 vel
1392 736 1662 783 faciendum
1707 737 2044 800 percommode

628 815 694 861 ire
713 814 961 878 potuisset.
986 814 1096 859 Post
1115 812 1206 860 hoc
1230 830 1429 877 porcum
1452 813 1586 859 illum
1603 813 1743 860 fuisse
1769 812 2014 859 venditum
2029 850 2039 868 ‚

625 902 671 938 et
696 891 786 938 hoc
812 908 907 938 esse
930 890 1139 954 pretium
1166 892 1290 953 ejus,
1314 890 1444 955 quod
1471 909 1525 937 ex
1552 901 1665 938 voto
1685 889 1833 937 beatis
1862 890 2042 953 Marty-

627 967 758 1014 ribus
781 966 1024 1015 offerebat.

690 1205 768 1249 37.
797 1201 1015 1267 Reliquas
1048 1202 1246 1249 virtutes
1274 1213 1413 1267 atque
1438 1202 1661 1248 miracula
1679 1238 1690 1257 ‚
1719 1220 1827 1266 quae
1857 1220 1941 1266 per
1964 1221 2041 1250 eos

623 1281 856 1327 Dominus
881 1281 937 1326 ad
956 1280 1155 1327 salutem
1181 1281 1430 1327 hominum
1450 1292 1673 1344 operatus
1697 1290 1790 1336 est,
1811 1281 2040 1345 quoniam

624 1375 721 1422 quo
747 1358 916 1405 ordine
948 1358 1169 1404 dicantur
1205 1357 1325 1404 nihil
1352 1358 1529 1405 referre
1553 1357 1718 1415 video,
1748 1359 1808 1404 ila
1847 1368 1901 1403 ut
1936 1376 2040 1405 me-

624 1436 791 1482 moriae
811 1436 1110 1482 occurrerint
1131 1437 1290 1483 censui
1310 1435 1644 1493 describenda;
1670 1437 1777 1501 quia
1808 1437 1853 1482 in
1878 1454 2038 1483 earum

623 1514 853 1562 relatione
881 1516 1025 1578 magis
1053 1515 1168 1579 quid
1192 1525 1238 1561 et
1261 1533 1434 1580 quare,
1463 1533 1606 1579 quam
1643 1513 1835 1579 quando
1860 1513 2038 1578 aliquid

623 1602 806 1656 gestum
833 1593 914 1649 sit,
944 1592 1341 1640 considerandum
1366 1603 1450 1640 est.

687 1748 940 1795 Collocatis
981 1749 1124 1813 igitur
1160 1750 1205 1795 in
1252 1748 1413 1796 eadem
1445 1748 1632 1794 basilica
1670 1765 1802 1795 more
1835 1747 2034 1794 solemni

620 1825 870 1872 beatorum
897 1827 1168 1891 Martyrum
1195 1826 1434 1891 refiquiss,
1464 1844 1572 1872 cum
1596 1825 1854 1873 secundum
1885 1826 2036 1872 eccle·-

622 1904 817 1951 siasticae
849 1905 1164 1952 institutionis
1198 1906 1591 1952 consuetudinem
1631 1923 1754 1951 sacra
1787 1905 2034 1951 missarum

619 1983 846 2030 solemnia
865 1983 1080 2049 quotidie
1111 1982 1493 2039 celebrarentur,
1521 1984 1725 2049 contigit
1752 1993 1807 2028 ut
1832 1981 2034 2047 quadam

618 2060 720 2117 die,
748 2078 857 2107 cum
879 2061 1038 2108 divina
1071 2079 1143 2108 res
1172 2071 1416 2125 ageretur,
1445 2071 1490 2108 et
1516 2079 1602 2108 uos
1628 2061 1675 2106 in
1708 2059 2032 2124 superioribus

618 2136 823 2200 ejusdem
858 2138 1065 2185 ecclesiae
1106 2138 1221 2184 locis
1266 2138 1545 2197 constituti,
1587 2155 1729 2201 super
1765 2136 2030 2200 subjectum

617 2225 759 2279 atque
784 2215 833 2260 in
855 2215 1162 2262 inferioribus
1179 2217 1496 2262 constitutum
1516 2215 1748 2279 populum
1766 2214 2031 2261 intendere-

620 2309 743 2349 mus,
766 2292 964 2339 clericus
977 2293 1168 2357 quidam
1192 2292 1466 2339 seminudus
1482 2328 1493 2349 ,
1511 2293 1594 2357 qui
1615 2293 1741 2338 inter
1760 2302 1957 2338 caeteros
1973 2293 2030 2338 ad

619 2369 741 2416 idem
777 2370 982 2416 officium
1019 2380 1237 2425 venerat,
1273 2381 1414 2434 atque
1450 2370 1496 2415 in
1538 2369 1686 2416 media
1721 2369 2029 2416 multitudine

616 2445 930 2501 consistebat,
959 2458 1054 2492 tam
1084 2447 1213 2511 gravi
1244 2447 1384 2493 ruina
1411 2446 1570 2495 subito
1598 2447 1830 2511 collapsus
1854 2458 1945 2503 est,
1976 2458 2028 2493 ut

615 2534 810 2571 mortuo
821 2524 985 2570 similis
1004 2524 1049 2569 in
1063 2525 1336 2588 pavimento
1351 2525 1854 2589 diutissimejacuisset.
1874 2524 2024 2584 Quem

614 2619 724 2646 cum
759 2611 1036 2648 stertentem
1071 2601 1215 2665 aliqui
1246 2619 1301 2648 ex
1334 2601 1752 2649 circumstantibus
1771 2602 1924 2649 levare
1946 2612 2023 2647 at-

612 2697 704 2743 que
724 2680 901 2743 erigere
925 2689 1239 2735 conarentur,
1272 2690 1398 2726 tanta
1425 2681 1491 2726 vis
1516 2681 1756 2743 sanguinis
1789 2697 1844 2726 ex
1868 2697 1952 2727 ore
1977 2690 2024 2725 et

613 2755 802 2803 naribus
827 2758 1012 2820 erupit,
1035 2767 1083 2803 ut
1112 2768 1206 2803 tota
1234 2759 1444 2804 anterior
1473 2777 1576 2821 pars
1601 2759 1841 2821 corporis,
1868 2756 1911 2802 id
1932 2768 2016 2813 est,
