1979 3348
574 284 738 323 INDEX
767 282 1063 322 GENERALIS.

105 371 144 400 B.
170 369 303 399 Martini
339 367 374 399 in
407 366 488 400 villa
507 366 666 400 Ostheim
692 365 785 398 basi-

152 413 237 455 lica,
256 414 314 455 ΙΙ,
336 417 411 453 214.

106 461 320 493 ΜΑΗΤΥΒΕΒ,
352 459 433 492 Vid.
463 460 728 492 Mancumaxus
754 465 788 490 et

153 505 308 539 Paruus.

106 553 251 585 Blassilia
277 553 516 598 (Marseille),
538 552 575 593 I,
598 553 673 586 158.

106 599 421 640 Mummmms,
446 599 568 632 Karoli
590 599 639 631 M.
658 610 788 632 concu—

153 645 251 686 bina,
271 647 308 687 I,
336 649 392 679 60.

107 694 309 725 Matr-irensis
334 705 450 726 comes
468 693 605 737 (comte
638 690 683 724 de
710 692 788 724 Ma-

155 736 254 782 drie)
270 739 506 772 Theotbertus
520 765 528 779 ,
553 739 590 779 I,
607 738 686 779 354.

108 784 309 827 Munus,
345 785 554 831 evangelista
589 785 702 825 citat.,
737 783 789 824 II,

161 832 235 872 163,
260 835 336 874 166,
359 835 435 878 167.

107 876 250 911 MAURI.
282 879 413 912 Littora
443 878 680 911 Narbonensis
706 889 791 923 pro-

156 924 292 966 vinciae,
313 925 546 970 Septimaniae‚
560 936 600 958 ac
615 924 722 958 Italiae
735 936 791 956 us-

156 983 224 1016 que
239 971 284 1004 ad
293 973 437 1005 Romam
450 979 569 1004 contra
584 972 790 1005 Maurorum

156 1017 372 1051 incursiones
386 1029 405 1050 a
423 1017 554 1051 Karolo
569 1018 789 1060 muniuntur,

155 1063 187 1103 Ι,
210 1065 264 1098 56.
286 1065 401 1098 Mauri
412 1065 678 1107 Centumcellas,
691 1064 791 1098 Etru-

155 1110 215 1142 riae
228 1111 416 1151 civitatem,
430 1111 572 1156 capiunt
591 1120 624 1144 et
641 1119 788 1151 vastant,

157 1157 403 1203 58.—Septem
416 1159 531 1191 Mauri
543 1158 670 1203 captivi
681 1157 791 1190 Karo-

156 1204 191 1236 lo
213 1204 255 1236 ab
275 1204 476 1237 Hadefonso
495 1217 578 1249 rege
603 1206 639 1238 in
657 1204 788 1238 donum

158 1250 364 1293 mittuntur,
414 1252 491 1284 238.
514 1252 619 1296 Signa
659 1251 791 1284 Mauris

158 1297 383 1342 praedonibus
391 1307 521 1344 erepta,
532 1297 665 1331 Karolo
674 1298 722 1331 M.
733 1297 792 1330 de-

158 1343 334 1387 feruntur,
350 1346 793 1391 242.—Appropinquante

158 1389 300 1436 Pippini
332 1392 458 1432 ciasse,
486 1404 503 1424 a
527 1392 668 1425 Corsica
688 1403 791 1436 quam

158 1438 337 1471 vastabant
351 1437 531 1479 recedunt,
548 1441 633 1477 2663
653 1437 697 1470 de
711 1437 794 1471 His-

159 1484 262 1528 pania
281 1485 422 1529 egressi,
442 1485 556 1530 primo
579 1483 790 1524 Sardiniam,

159 1530 220 1563 ubi
236 1532 482 1577 profligantur,
502 1531 631 1564 deinde
653 1532 689 1564 in
706 1531 796 1563 Cor-

161 1577 284 1620 sicam,
305 1577 484 1623 praedandi
501 1590 601 1612 causa
614 1606 622 1620 ,
637 1577 796 1617 veniunt,

161 1622 222 1656 sed
253 1637 272 1658 a
298 1624 502 1658 Burchardo
530 1624 644 1658 navali
678 1624 797 1670 praelio

162 1669 316 1713 devicti,
352 1671 519 1705 tredecim
565 1684 670 1705 naves
695 1672 797 1704 amit-

163 1724 262 1759 tunt,
303 1731 388 1763 2723
427 1717 605 1752 Corsicam
625 1717 797 1763 ingressi,

163 1764 349 1809 quamdam
373 1765 547 1799 civitatem
575 1764 746 1810 diripiunt
767 1772 801 1797 et

162 1811 373 1845 habitatores
391 1825 433 1846 ex
448 1824 487 1845 ea
509 1812 664 1857 captivos
687 1810 800 1843 abdu—

164 1867 248 1891 cunt
267 1884 277 1900 ,
316 1861 406 1900 2803
440 1857 485 1892 de
521 1866 593 1891 tota
635 1857 801 1902 Hispania

163 1906 314 1939 maxima
333 1907 437 1939 classe
453 1912 648 1950 comparata
662 1930 671 1945 ,
688 1904 802 1949 primo

164 1951 804 1996 SardiniaedeindeCorsicaeappeilen-

165 2007 228 2042 tes,
242 2000 333 2033 hanc
351 2000 497 2032 insulam
513 2011 603 2044 pene
620 2007 728 2031 totam
746 2009 803 2030 su-

164 2046 305 2092 bigunt,
320 2047 400 2089 286;
413 2046 588 2080 Corsicam
602 2057 722 2078 rursus
731 2056 804 2078 vas-

168 2102 241 2127 tant
256 2120 265 2135 ,
300 2105 389 2137 2903
422 2092 463 2126 ad
497 2091 698 2137 Hispaniam
725 2103 803 2124 cum

166 2140 284 2187 praeda
304 2140 491 2173 redeuntes
504 2165 513 2180 ,
533 2139 574 2172 ab
593 2137 804 2184 Irmingario

169 2188 297 2221 comite
311 2199 354 2220 ex
371 2186 554 2232 inopinato
573 2184 804 2225 invaduntur,

170 2243 204 2268 et
221 2242 354 2280 septem
374 2246 480 2268 naves
503 2232 668 2267 amittunt
681 2257 689 2273 ‚
720 2232 805 2272 304;

169 2281 379 2314 Ceritaniam
411 2288 444 2314 et
466 2279 666 2314 vallensem
696 2276 809 2324 quoti-

170 2327 283 2360 dianis
297 2327 430 2372 rapinis
448 2327 625 2367 infestant,
646 2325 725 2358 388.

125 2378 368 2414 Mnmnmus,
386 2373 523 2406 Brisciae
537 2385 668 2413 comes,
682 2372 711 2413 Ι,
729 2371 806 2404 360.

126 2422 340 2460 Mauritania,
365 2419 399 2460 I,
420 2420 498 2452 232.

128 2473 159 2505 S.
191 2468 359 2501 Mauritius
400 2464 697 2511 (Saint-Maurice
710 2489 720 2504 ‚
766 2476 809 2496 en

174 2513 331 2559 Vtilius),
350 2513 388 2554 I,
404 2511 566 2553 258311,
586 2522 662 2553 200,
684 2511 762 2543 382.

129 2568 161 2596 S.
188 2561 340 2595 Medardl
364 2559 506 2592 basilica
528 2555 810 2603 (Saint-Medard

176 2609 222 2645 de
246 2607 442 2650 Soismns),
470 2606 504 2647 I,
532 2605 620 2644 3863
643 2603 700 2644 II,
725 2607 810 2644 224,

178 2658 264 2694 2²63
283 2653 550 2693 monasterium,
568 2650 648 2683 230.

131 2703 350 2738 Mediolanum
383 2699 562 2746 (Milan),
593 2697 630 2737 I,
666 2701 742 2737 104.
770 2717 813 2721 —

178 2748 403 2784 Mediolaneu
409 2746 453 2780 sis
464 2744 662 2792 episcopus,
672 2743 816 2776 Anshel-

180 2809 276 2838 mus,
293 2796 370 2829 328.

1445 281 1525 321 457

845 364 1115 397 Mnoiurmnus
1142 361 1263 395 Karoli
1291 360 1341 394 M.
1375 373 1525 395 camera-

891 411 982 451 rius,
1013 411 1046 443 in
1067 408 1290 454 expeditione
1309 416 1429 442 contra
1449 408 1526 442 Hu-

893 469 956 489 nos
976 457 1017 489 ab
1038 456 1114 501 ipso
1131 455 1264 488 Karolo
1284 454 1426 496 directa,
1445 467 1528 501 par-

894 511 964 536 tem
984 503 1152 537 exercitus
1172 501 1279 543 ducit,
1297 500 1332 541 Ι,
1355 507 1434 543 214,
1449 504 1527 535 216.

848 550 1117 583 Mac-‚mmmm
1132 574 1140 589 ‚
1173 549 1208 582 S.
1230 548 1377 582 Servatii
1396 560 1528 590 servus,

896 596 939 629 ad
959 608 1072 629 sacros
1090 594 1231 628 ordines
1254 593 1529 641 promovendus,

897 642 1166 683 manumittitur,
1186 641 1238 681 ΙΙ,
1261 647 1339 685 419,
1360 645 1438 681 (320.

850 691 1131 724 Mmmmmms
1156 700 1294 728 comes,
1325 694 1530 720 testamento

897 736 1019 769 Karoli
1038 737 1087 768 M.
1109 734 1312 776 subscribit,
1333 734 1369 775 I,
1393 747 1404 767 1
1417 747 1469 768 12.

851 784 1108 818 Mmmmmus
1143 793 1257 814 comes
1271 807 1280 822 ‚
1327 787 1532 814 testamento

897 829 1020 863 Karoli
1039 830 1090 861 M.
1112 827 1312 869 subscribit,
1332 828 1346 860 I
1363 853 1372 869 ,
1394 843 1405 861 1
1418 839 1471 860 12.

851 876 1062 910 Meldradium
1092 874 1337 907 monasterium
1369 874 1423 918 (le
1455 885 1530 906 mo-

896 932 981 958 nast.
1002 922 1045 954 de
1063 920 1214 955 Meldert
1230 933 1272 953 en
1288 921 1470 965 Brabant),
1485 919 1534 961 II,

901 972 966 1005 356
978 996 987 1011 ,
1004 969 1080 1012 395.

851 1020 1098 1055 MELIGASTUS,
1109 1014 1202 1047 filius
1213 1014 1314 1047 Liubi
1325 1013 1536 1058 regisWilt·

898 1076 1017 1099 zorum
1031 1088 1040 1103 ,
1073 1074 1153 1094 cum
1184 1060 1398 1106 Celeadrago
1430 1059 1535 1092 fratre

899 1124 962 1145 suo
974 1107 1213 1143 controversia
1226 1106 1270 1140 de
1283 1120 1393 1153 regno
1404 1106 1534 1146 habita,

897 1158 941 1192 ad
958 1154 1204 1190 Hludowicum
1220 1154 1326 1194 venit,
1349 1154 1385 1194 I,
1409 1152 1488 1186 358.

851 1204 1020 1239 Memoria
1035 1228 1044 1243 ‚
1072 1202 1094 1234 i.
1112 1213 1142 1234 e.
1162 1201 1316 1234 tumulus
1337 1201 1372 1233 S.
1390 1198 1536 1233 Martini

898 1248 1136 1288 Turonensis,
1165 1248 1202 1289 Ι,
1237 1248 1325 1288 148;
1349 1246 1384 1279 S.
1410 1244 1535 1278 Albani

899 1294 1200 1342 Mogonfinensis,
1218 1293 1251 1326 II
1267 1319 1275 1334 ,
1299 1293 1376 1338 372.

853 1350 884 1378 S.
912 1344 1051 1378 Memmii
1085 1341 1333 1375 Catalauneuse
1363 1346 1536 1372 monaste-

900 1392 989 1425 rium
1018 1389 1030 1434 (
1045 1387 1290 1433 Saint-Menge
1321 1389 1339 1419 a
1369 1386 1538 1419 Chalous-

901 1437 1143 1479 sur-Marne),
1164 1434 1211 1475 II,
1228 1435 1259 1475 3,
1275 1441 1349 1466 not.

855 1488 993 1520 Menses
1013 1496 1030 1516 a
1050 1481 1183 1514 Karolo
1216 1481 1265 1513 M.
1291 1478 1531 1517 denominati,

902 1532 934 1572 Ι,
955 1542 1011 1574 90.
1026 1532 1078 1563 De
1090 1528 1217 1561 horum
1231 1526 1417 1559 nominum
1432 1524 1539 1570 signif

903 1576 1078 1616 floritione,
1099 1579 1178 1615 414.

858 1623 1025 1658 Mercurii
1042 1622 1138 1655 stella
1151 1646 1160 1661 ‚
1181 1621 1215 1661 I,
1237 1620 1312 1653 268.

858 1674 1177 1706 Mnnovmsoimm
1194 1679 1297 1711 gens,
1316 1666 1356 1706 1,
1376 1667 1463 1704 6;—-
1478 1675 1542 1696 no-

904 1717 1128 1751 vissimorum
1146 1713 1300 1754 indoles,
1321 1713 1354 1745 8.

860 1768 954 1797 Metoe
971 1761 1128 1807 (Mem),
1149 1761 1178 1801 Ι,
1199 1761 1284 1800 262,
1305 1756 1465 1798 344511,
1483 1759 1538 1790 60.

906 1830 953 1836 ——-
968 1807 1135 1843 Metensis
1150 1806 1305 1846 ecclesia,
1329 1806 1364 1843 I,
1385 1804 1464 1836 360.

861 1858 1034 1891 Micam-L
1051 1853 1278 1900 Curopalata,
1296 1849 1544 1886 Constantino-

910 1903 1085 1949 politanus
1098 1900 1304 1946 imperator,
1320 1896 1466 1931 Nicifori
1483 1908 1545 1941 ge-

908 1962 972 1982 ner
985 1956 1216 1987 etsuccessor,
1229 1958 1245 1977 a
1255 1944 1386 1977 Karolo
1399 1945 1450 1978 M.
1466 1941 1545 1974 ami-

912 1996 1029 2029 citiam
1048 1994 1140 2026 ultro
1159 2000 1345 2037 expetens,
1365 1990 1399 2031 I,
1421 1990 1461 2022 52
1474 2014 1482 2030 ,
1502 1987 1546 2020 ad

912 2055 991 2075 eum
1010 2040 1126 2079 mittit,
1144 2040 1208 2082 298
1224 2064 1232 2079 ‚
1258 2046 1292 2070 et
1309 2038 1350 2070 ab
1366 2049 1407 2069 eo
1422 2035 1549 2080 recipit

911 2089 1044 2134 legatos
1058 2113 1066 2128 ,
1099 2086 1185 2126 30²3
1211 2085 1303 2118 bello
1323 2083 1358 2116 in
1379 2083 1547 2127 Bulgaros

914 2134 1008 2169 haud
1029 2144 1197 2180 prospere
1218 2139 1335 2177 gest0,
1359 2129 1549 2162 monachus

913 2181 1063 2215 efficitur
1079 2205 1088 2219 ,
1126 2180 1190 2219 304
1207 2205 1215 2219 ,
1267 2179 1355 2217 306;
1394 2176 1549 2208 Leonem

914 2229 1024 2262 filium
1056 2225 1176 2259 Bardae
1205 2223 1343 2270 patricii
1376 2233 1551 2255 successo-

916 2288 989 2308 rem
1005 2274 1123 2313 habet,
1141 2272 1221 2305 308.

870 2322 1063 2361 Mlcnam„
1092 2317 1302 2362 cognomine
1320 2315 1462 2355 Balbus,
1492 2325 1551 2346 co·

917 2380 990 2402 mes
1007 2366 1278 2399 domesticorum
1290 2389 1298 2403 ‚
1317 2363 1471 2395 Leonem
1490 2359 1553 2391 im-

919 2422 1115 2462 peratorem
1132 2410 1282 2444 trucidat
1302 2416 1334 2441 et
1348 2407 1473 2440 infulas
1491 2406 1551 2437 im·

917 2462 1064 2507 periales
1078 2457 1233 2503 suscipit,
1249 2456 1278 2496 Ι,
1303 2454 1386 2494 346;
1406 2452 1450 2485 ad
1463 2451 1548 2484 Hlu-

919 2507 1093 2542 dowicum
1105 2506 1235 2549 legatos
1243 2500 1362 2540 mittit,
1379 2501 1458 2543 370,
1472 2498 1549 2540 392.

872 2557 1045 2589 MICHAEL
1059 2577 1068 2591 ‚
1111 2555 1346 2594 cognomento
1385 2545 1554 2590 Ganglia-

918 2613 1004 2643 nos,
1036 2599 1183 2631 Hereuoe
1209 2591 1435 2640 imperatricis
1462 2589 1557 2637 apud

920 2646 1087 2681 Karolum
1107 2643 1157 2675 M.
1176 2643 1328 2688 legatuS,
1348 2639 1383 2679 Ι,
1402 2638 1480 2672 238.

875 2696 1061 2732 Mummi„
1077 2689 1203 2724 Siciliae
1220 2686 1405 2733 patriciuS,
1426 2683 1469 2717 ad
1487 2683 1556 2716 Ka-

927 2740 1041 2773 rolum
1058 2738 1210 2782 legatum
1229 2733 1348 2771 mittit,
1367 2731 1403 2771 Ι,
1418 2734 1495 2770 242.

878 2789 1053 2820 Mmmm.
1076 2782 1278 2828 episcopus,
1310 2777 1456 2812 Nicifori
1472 2802 1480 2818 ‚
1514 2776 1527 2808 1
1546 2801 1554 2815 ,
