2105 3348
609 261 683 298 106
1032 252 1287 289 ElNllARDl
1318 252 1591 294 EPISTOLAE.

606 351 707 385 tum
735 349 915 399 tempus
946 334 1019 397 [in
1048 344 1206 379 nostro
1233 334 1443 395 servitio]
1456 357 1476 390 ;
1503 336 1581 382 sed
1606 337 1714 400 quia
1742 353 1871 382 nunc
1900 337 2016 383 (lesi-

605 418 737 464 derat
753 413 839 460 suh
860 422 1016 459 vestro
1032 411 1106 475 (1)
1127 410 1375 458 dominatu
1395 412 1492 460 dies
1513 431 1620 461 suos
1634 414 1844 479 du[cere,
1868 418 1913 460 in
1930 415 2019 461 hoc·

606 512 656 540 se
673 491 907 539 commisit
931 489 1147 553 ca]ritati
1168 506 1304 547 meae,
1332 490 1461 554 quod
1480 492 1527 537 in
1550 502 1646 538 tam
1669 492 1887 538 familiari
1913 492 2020 539 loco

607 587 700 617 esse
721 569 841 633 [me]
859 568 1090 632 elegis[tz'‚·
1106 567 1171 631 et]
1185 566 1289 614 ideo
1308 567 1385 614 has
1401 568 1828 616 commendatorias
1842 570 2021 616 litteras

609 649 649 694 ei
671 646 781 694 dare
804 646 987 693 decrevi
1008 657 1079 703 ut,
1103 663 1188 708 per
1207 663 1359 692 meam
1393 647 1877 703 commendationem,
1902 646 2022 692 faci-

606 727 776 773 liorem
801 741 1035 771 accessum
1054 724 1124 787 (2)
1146 723 1200 770 ad
1221 735 1426 771 vestram
1444 726 1742 772 sanctitatem
1764 724 1958 771 haberet
1979 734 2026 770 ct

609 804 731 868 apud
750 804 858 867 [vos
874 803 1219 860 admitteretur,
1240 803 1400 867 quem]
1421 803 1539 851 mihi
1559 805 1890 869 propinquum
1909 821 2025 849 asse-

611 899 724 929 vero
752 883 842 946 (3).
883 883 1057 929 Precor
1095 882 1239 947 igitur
1271 893 1323 928 ut
1363 900 1470 929 eum
1509 883 1768 949 [suscipere
1804 895 1846 929 et
1881 882 2026 946 sicut]

612 960 860 1006 vassallum
895 971 1104 1007 vestrum
1137 960 1324 1007 nutrire
1347 961 1418 1024 (4)
1447 961 1730 1026 dignemini.
1751 962 1874 1008 Puto
1899 960 2030 1026 quod

611 1054 710 1083 non
752 1037 1024 1102 in[gratum
1062 1039 1110 1083 in
1148 1036 1231 1084 illo
1266 1037 1558 1102 clebi]torem
1596 1037 1770 1086 habere
1802 1037 2027 1085 debeatis.

614 1113 740 1178 Opto
761 1125 813 1160 ut
832 1132 1017 1178 semper
1034 1114 1157 1163 bene
1175 1115 1367 1162 valeatis
1388 1117 1436 1162 in
1460 1116 1685 1164 Domino.

981 1270 1048 1310 LX
1067 1271 1135 1321 (5).
1170 1272 1236 1309 AD
1266 1271 1314 1309 N.
1348 1270 1656 1310 EPlscoPUM.

1006 1379 1077 1416 Pro
1099 1378 1341 1417 ordinatione
1364 1393 1474 1431 preca
1482 1379 1555 1417 nda
1570 1377 1625 1428 (6)
1633 1408 1640 1415 .

681 1484 873 1548 [Merito
900 1486 1159 1530 venerabili
1179 1487 1367 1531 domino
1392 1486 1482 1549 Ν]
1507 1484 1774 1531 Einhardus
1796 1493 2034 1548 peccator.

615 1589 676 1598 —-
692 1563 894 1626 Propter
920 1562 1205 1626 paucitatem
1231 1563 1568 1610 ministrorum
1593 1562 1778 1618 altaris,
1804 1562 1931 1625 cogit
1964 1579 2039 1608 me

618 1640 867 1687 necessitas
892 1640 1159 1704 supplicare
1185 1640 1423 1686 sanctitati
1450 1650 1618 1687 vestrae
1651 1649 1704 1684 ut
1737 1638 1865 1685 hunc
1901 1638 2040 1684 cleri—

618 1734 752 1774 cum,
775 1717 971 1765 nomine
990 1717 1051 1764 N.
1061 1754 1073 1774 ,
1095 1718 1152 1764 ad
1185 1717 1382 1782 gradum
1409 1718 1683 1764 diaconatus
1714 1716 1936 1764 ordinare
1971 1716 2041 1762 di-

618 1795 850 1858 gnemini.
878 1796 959 1840 Est
980 1795 1107 1841 enim
1132 1812 1231 1842 non
1251 1795 1406 1842 solum
1431 1805 1586 1852 aetate,
1611 1795 1688 1843 sed
1716 1797 1859 1842 etiam
1879 1794 2041 1841 erudi-

621 1873 753 1920 tione
791 1873 847 1918 ad
889 1873 978 1919 hoc
1023 1873 1237 1920 idoneus.
1282 1874 1346 1919 Et
1390 1874 1495 1921 ideo
1540 1875 1752 1921 misimus
1806 1874 1943 1920 illum
1984 1873 2041 1919 ad

620 1960 787 1997 vestrae
800 1949 1107 2015 benignitatis
1122 1951 1444 2015 praesentiam,
1460 1962 1514 1998 ut
1528 1970 1654 2009 eum,
1676 1970 1698 1998 a
1714 1951 1849 2000 vobis
1867 1953 2041 1997 iterum

623 2027 679 2072 ad
703 2027 986 2089 praedictum
1013 2027 1211 2091 gradum
1247 2039 1596 2085 consecratum,
1629 2029 1840 2092 recipere
1862 2044 2041 2074 merea-

622 2121 749 2150 mur.
771 2104 898 2167 Opto
918 2121 1000 2151 vos
1021 2105 1066 2150 in
1086 2104 1277 2153 Christo
1294 2125 1481 2171 semper
1497 2106 1618 2155 bene
1638 2107 1808 2153 valere.

675 2319 725 2366 (1)
751 2318 842 2354 Cod.
869 2332 952 2353 uno.

673 2389 723 2434 (2)
749 2387 840 2423 Cod.
862 2400 1069 2422 accensum.

675 2454 724 2502 (5)
752 2455 843 2491 Cod.
863 2455 1051 2490 miserem.

676 2525 728 2571 (4)
755 2524 846 2560 Cod.
872 2527 1042 2559 nutriere.

678 2592 728 2640 (5)
758 2605 799 2627 tv
821 2594 857 2627 in
877 2592 998 2628 editis.

679 2662 727 2701 (6)
755 2663 845 2697 (jod.
867 2663 1066 2709 precanda.
