2105 3348
597 293 673 332 398
965 284 1252 323 RHYTHMUS
1280 283 1348 321 DE
1379 283 1613 323 PAssloNE

598 380 736 437 Quem
759 375 914 434 pagani
938 373 1290 431 comprehensum
1314 372 1374 428 (1)
1397 372 1514 414 duris
1538 381 1711 414 nectunt
1733 373 1927 423 vinculis,

595 456 656 496 Ac
680 468 753 511 per
774 450 907 493 multa
929 449 1134 491 laniatum
1158 457 1464 491 tormentorum
1487 463 1665 505 genera,

594 528 661 570 Ad
683 537 914 570 extremum
941 524 1164 567 tenebroso
1188 524 1487 582 manciparunt
1510 525 1685 565 carceri.

594 603 886 662 Imprudentes
909 601 1102 643 arbitrati
1128 600 1244 659 quod
1268 616 1341 659 per
1364 609 1479 642 artus
1503 600 1693 658 corporis

594 681 723 722 Poena
747 679 905 721 inflicta
932 677 1177 736 praevaleret
1198 677 1356 719 Christi
1379 675 1506 718 fidem
1527 675 1674 718 tollere
1690 708 1700 726 ,

595 757 677 801 Sed
699 773 787 807 cor,
817 755 922 798 coelo
942 757 1003 812 (2)
1027 755 1157 797 fixum
1180 770 1377 806 manens,
1401 755 1534 795 nescit
1559 753 1702 810 flagris
1725 752 1888 795 cedere.

594 835 677 877 Cui
695 843 834 876 custos
855 832 1078 891 deputatus
1100 831 1267 890 praesuit
1287 831 1532 873 Arthemius
1550 830 1612 886 (3)
1630 863 1640 881 ,

595 910 686 969 Qui
704 925 874 952 reorum
900 908 1066 951 turbam
1091 908 1194 950 diris
1218 907 1536 965 constringebat
1558 907 1740 949 vinculis
1755 940 1765 956 ,

594 988 733 1046 Atque
757 986 938 1029 claustra
961 985 1137 1043 caligosi
1159 983 1351 1027 servabat
1372 983 1589 1041 ergastuli.

593 1065 694 1106 Erat
718 1064 787 1105 eui
811 1077 908 1104 cara
928 1061 1051 1103 valde
1080 1071 1201 1112 nata,
1230 1061 1362 1117 Virgo
1388 1061 1582 1110 nomine,

595 1140 705 1199 Quae
724 1140 867 1181 invasa
887 1137 1110 1196 praeseroci
1131 1136 1363 1178 vexabatur
1385 1136 1575 1178 daemone
1590 1169 1599 1185 ,

593 1221 646 1262 Et
667 1228 842 1278 paterna
864 1233 970 1260 saeva
994 1231 1120 1275 poena
1143 1215 1361 1258 cruciabat
1382 1225 1570 1274 pectora.

654 1302 696 1338 2.
732 1293 864 1354 Quod
883 1309 980 1336 cum
993 1293 1143 1334 Petrus
1160 1294 1447 1350 comperisset,
1468 1290 1695 1350 compellat
1711 1291 1995 1342 Arffiemium,

593 1374 773 1416 Monens
796 1370 922 1414 simul
946 1380 986 1413 et
1003 1370 1246 1422 exhortam,
1271 1369 1431 1412 Christi
1453 1369 1573 1412 miles
1596 1369 1791 1421 inclitus,

593 1451 855 1492 Mei-caretur
879 1457 1022 1490 saneta
1051 1445 1135 1488 fide
1160 1456 1208 1488 ut
1232 1446 1409 1488 salutem
1431 1446 1553 1489 filiae:

598 1545 617 1566 «
635 1528 773 1569 Deum
787 1559 798 1579 ,
824 1525 952 1576 dixit,
977 1523 1101 1566 erede
1118 1523 1338 1565 Christum
1353 1556 1363 1575 ,
1386 1524 1461 1581 qui
1486 1524 1643 1566 creavit
1665 1524 1807 1566 omnia
1823 1557 1831 1571 ,

595 1604 685 1663 Qui
707 1603 860 1646 coelum
886 1612 1125 1659 terramque
1145 1616 1218 1643 sua
1240 1602 1430 1643 continet
1452 1601 1494 1642 in
1519 1600 1688 1643 dextera
1702 1635 1711 1652 ,

594 1681 647 1722 Et
670 1680 744 1738 qui
766 1679 859 1720 miti
882 1687 1102 1736 potentatu
1118 1677 1305 1735 protegit
1325 1676 1441 1734 quod
1466 1676 1667 1735 possidet.
1691 1694 1710 1715 n

595 1756 760 1798 —Haec
787 1755 908 1796 beato
930 1753 1173 1812 proferente
1196 1754 1323 1796 Petro
1346 1754 1505 1797 Christi
1524 1753 1711 1806 famulo,

596 1831 747 1874 Custos
772 1831 842 1873 ille
863 1831 1075 1872 tenebrosi
1099 1830 1280 1872 carceris
1303 1829 1551 1873 Arthemius

595 1907 725 1950 Plura
748 1907 861 1950 dieta
885 1917 1033 1950 contra
1054 1905 1204 1958 refert,
1225 1905 1297 1948 sed
1321 1906 1467 1949 eadem
1489 1906 1642 1949 frivola
1661 1926 1669 1950 2

600 2002 620 2025 «
637 1985 733 2027 Non
755 1993 838 2035 est,
867 1984 1028 2041 inquit,
1056 1999 1221 2034 verum,
1249 1983 1371 2025 Petre
1387 2017 1397 2036 ,
1426 1999 1562 2041 neque
1584 1983 1837 2032 verisimile,

593 2062 732 2103 Meam
753 2070 850 2103 tuus
866 2061 998 2119 possit
1019 2060 1214 2102 Christus
1236 2069 1283 2102 ut
1304 2059 1466 2102 salvare
1490 2059 1644 2113 filiam,

597 2138 689 2197 Qui
711 2137 877 2180 nullum
895 2137 1064 2180 exhibet
1084 2138 1168 2179 suis
1188 2136 1375 2179 solamen
1396 2137 1646 2180 cuitoribus.

597 2213 771 2264 Ferret,
796 2223 898 2272 puto
912 2247 922 2267 ,
946 2214 979 2255 si
997 2212 1177 2266 valeret,
1204 2229 1327 2272 opem
1348 2214 1433 2255 suis
1454 2212 1648 2266 famulis,

599 2288 683 2330 Sed
706 2288 788 2330 hoc
813 2288 936 2331 illum
961 2304 1046 2331 non
1068 2288 1208 2331 valere
1230 2288 1420 2348 produnt
1442 2289 1516 2331 illa
1535 2288 1725 2340 verbera,

601 2364 712 2423 Quae
734 2374 779 2407 tu
800 2364 964 2406 dudum
987 2374 1160 2422 propter
1184 2366 1323 2423 ipsum
1350 2364 1570 2407 tolerando
1596 2364 1758 2407 deficis.
1783 2383 1802 2405 η

648 2586 698 2629 (1)
723 2583 814 2619 Cod.
837 2583 986 2617 Metens.
1010 2582 1357 2628 conprelzetzsum....
1378 2583 1615 2629 inprudentes
1637 2590 1672 2618 et
1699 2583 1748 2618 sic
1774 2595 1915 2630 semper
1940 2583 2001 2618 lit-

601 2655 714 2683 teram
735 2660 769 2681 ιη
785 2655 866 2682 ante
884 2647 1021 2681 litteras
1037 2660 1082 2692 p,
1103 2647 1124 2680 b
1142 2654 1178 2681 et
1195 2660 1227 2680 m
1244 2647 1344 2693 legit.

647 2712 698 2755 (2)
723 2710 813 2745 Cod.
837 2711 936 2745 caelo
956 2716 993 2744 ct
1012 2710 1061 2744 sic
1079 2709 1261 2756 deinceps.

647 2773 697 2818 (3)
722 2773 812 2808 Cod.
835 2775 1022 2808 Artemius
1040 2780 1075 2808 et
1094 2774 1143 2808 sic
1163 2774 1343 2820 deinceps.
