<?xml version="1.0" encoding="UTF-8"?>
<!DOCTYPE html PUBLIC "-//W3C//DTD XHTML 1.0 Transitional//EN"
    "http://www.w3.org/TR/xhtml1/DTD/xhtml1-transitional.dtd">
<html xmlns="http://www.w3.org/1999/xhtml" xml:lang="en" lang="en">
 <head>
  <title>
</title>
<meta http-equiv="Content-Type" content="text/html;charset=utf-8" />
  <meta name='ocr-system' content='tesseract 3.04.00' />
  <meta name='ocr-capabilities' content='ocr_page ocr_carea ocr_par ocr_line ocrx_word'/>
</head>
<body>
  <div class='ocr_page' id='page_1' title='image "./einhardiomniaqua02einhuoft_0216.png"; bbox 0 0 2105 3348; ppageno 0'>
   <div class='ocr_carea' id='block_1_1' title="bbox 610 338 1701 386">
    <p class='ocr_par' dir='ltr' id='par_1_1' title="bbox 610 338 1701 386">
     <span class='ocr_line' id='line_1_1' title="bbox 610 338 1701 386; baseline 0 -6"><span class='ocrx_word' id='word_1_1' title='bbox 610 346 683 382; x_wconf 68' lang='lat'><strong>186</strong></span> <span class='ocrx_word' id='word_1_2' title='bbox 898 339 1138 377; x_wconf 80' lang='lat' dir='ltr'><strong>HISTORIA</strong></span> <span class='ocrx_word' id='word_1_3' title='bbox 1171 338 1590 386; x_wconf 56' lang='lat' dir='ltr'><strong>TRANSLATIONIS,</strong></span> <span class='ocrx_word' id='word_1_4' title='bbox 1623 355 1701 382; x_wconf 56' lang='grc' dir='ltr'><strong>κτα.</strong></span> 
     </span>
    </p>
   </div>
   <div class='ocr_carea' id='block_1_2' title="bbox 606 420 2036 2897">
    <p class='ocr_par' dir='ltr' id='par_1_2' title="bbox 606 420 2024 1243">
     <span class='ocr_line' id='line_1_2' title="bbox 606 420 2010 489; baseline 0.001 -20"><span class='ocrx_word' id='word_1_5' title='bbox 606 424 805 469; x_wconf 87' lang='lat' dir='ltr'><strong>curavit.</strong></span> <span class='ocrx_word' id='word_1_6' title='bbox 838 422 956 480; x_wconf 83' lang='lat' dir='ltr'><strong>Quae</strong></span> <span class='ocrx_word' id='word_1_7' title='bbox 989 436 1094 465; x_wconf 87' lang='lat' dir='ltr'><strong>cum</strong></span> <span class='ocrx_word' id='word_1_8' title='bbox 1134 420 1368 467; x_wconf 86' lang='lat' dir='ltr'><strong>Ratleicus</strong></span> <span class='ocrx_word' id='word_1_9' title='bbox 1401 421 1682 487; x_wconf 76' lang='lat' dir='ltr'><strong>presbytero</strong></span> <span class='ocrx_word' id='word_1_10' title='bbox 1714 442 1868 471; x_wconf 87' lang='lat' dir='ltr'><strong>secum</strong></span> <span class='ocrx_word' id='word_1_11' title='bbox 1898 444 2010 489; x_wconf 84' lang='lat' dir='ltr'><strong>per-</strong></span> 
     </span>
     <span class='ocr_line' id='line_1_3' title="bbox 606 499 2013 566; baseline 0.002 -20"><span class='ocrx_word' id='word_1_12' title='bbox 606 500 731 565; x_wconf 80' lang='lat' dir='ltr'><strong>genti</strong></span> <span class='ocrx_word' id='word_1_13' title='bbox 767 499 1077 561; x_wconf 82' lang='lat' dir='ltr'><strong>exposuisset,</strong></span> <span class='ocrx_word' id='word_1_14' title='bbox 1112 499 1263 544; x_wconf 79' lang='lat' dir='ltr'><strong>visum</strong></span> <span class='ocrx_word' id='word_1_15' title='bbox 1284 510 1352 546; x_wconf 88' lang='lat' dir='ltr'><strong>est</strong></span> <span class='ocrx_word' id='word_1_16' title='bbox 1381 499 1613 546; x_wconf 86' lang='lat' dir='ltr'><strong>ambobus</strong></span> <span class='ocrx_word' id='word_1_17' title='bbox 1638 511 1692 546; x_wconf 90' lang='lat' dir='ltr'><strong>ut</strong></span> <span class='ocrx_word' id='word_1_18' title='bbox 1716 503 2013 566; x_wconf 80' lang='lat' dir='ltr'><strong>experimen-</strong></span> 
     </span>
     <span class='ocr_line' id='line_1_4' title="bbox 609 576 2008 642; baseline 0.001 -18"><span class='ocrx_word' id='word_1_19' title='bbox 609 590 707 624; x_wconf 87' lang='lat' dir='ltr'><strong>tum</strong></span> <span class='ocrx_word' id='word_1_20' title='bbox 720 576 938 623; x_wconf 85' lang='lat' dir='ltr'><strong>somniex</strong></span> <span class='ocrx_word' id='word_1_21' title='bbox 954 576 1150 623; x_wconf 80' lang='lat' dir='ltr'><strong>veritate</strong></span> <span class='ocrx_word' id='word_1_22' title='bbox 1170 578 1410 640; x_wconf 80' lang='lat' dir='ltr'><strong>promissae</strong></span> <span class='ocrx_word' id='word_1_23' title='bbox 1431 578 1643 624; x_wconf 87' lang='lat' dir='ltr'><strong>sanitatis</strong></span> <span class='ocrx_word' id='word_1_24' title='bbox 1664 579 2008 642; x_wconf 73' lang='lat' dir='ltr'>approbarent:</span> 
     </span>
     <span class='ocr_line' id='line_1_5' title="bbox 608 652 2014 720; baseline 0.001 -21"><span class='ocrx_word' id='word_1_25' title='bbox 608 670 713 699; x_wconf 90' lang='lat' dir='ltr'><strong>nam</strong></span> <span class='ocrx_word' id='word_1_26' title='bbox 749 652 908 699; x_wconf 86' lang='lat' dir='ltr'><strong>eadem</strong></span> <span class='ocrx_word' id='word_1_27' title='bbox 944 652 1048 710; x_wconf 88' lang='lat' dir='ltr'><strong>die,</strong></span> <span class='ocrx_word' id='word_1_28' title='bbox 1079 655 1214 717; x_wconf 86' lang='lat' dir='ltr'><strong>juxta</strong></span> <span class='ocrx_word' id='word_1_29' title='bbox 1253 655 1527 720; x_wconf 79' lang='lat' dir='ltr'>qualitatem</span> <span class='ocrx_word' id='word_1_30' title='bbox 1569 654 1803 710; x_wconf 87' lang='lat' dir='ltr'><strong>febrium,</strong></span> <span class='ocrx_word' id='word_1_31' title='bbox 1842 657 2014 720; x_wconf 75' lang='lat' dir='ltr'><strong>quibus</strong></span> 
     </span>
     <span class='ocr_line' id='line_1_6' title="bbox 607 729 2011 797; baseline 0.004 -23"><span class='ocrx_word' id='word_1_32' title='bbox 607 729 818 777; x_wconf 82' lang='lat' dir='ltr'><strong>laborare</strong></span> <span class='ocrx_word' id='word_1_33' title='bbox 841 741 1172 787; x_wconf 84' lang='lat' dir='ltr'><strong>consueverat,</strong></span> <span class='ocrx_word' id='word_1_34' title='bbox 1200 730 1471 778; x_wconf 76' lang='lat' dir='ltr'><strong>febricitare</strong></span> <span class='ocrx_word' id='word_1_35' title='bbox 1493 731 1693 778; x_wconf 88' lang='lat' dir='ltr'><strong>debebat</strong></span> <span class='ocrx_word' id='word_1_36' title='bbox 1718 733 1753 778; x_wconf 92' lang='lat' dir='ltr'><strong>is</strong></span> <span class='ocrx_word' id='word_1_37' title='bbox 1777 733 1858 796; x_wconf 81' lang='lat' dir='ltr'><strong>qui</strong></span> <span class='ocrx_word' id='word_1_38' title='bbox 1880 750 1982 797; x_wconf 86' lang='lat' dir='ltr'><strong>som</strong></span> <span class='ocrx_word' id='word_1_39' title='bbox 2003 763 2011 767; x_wconf 97' lang='lat'>-</span> 
     </span>
     <span class='ocr_line' id='line_1_7' title="bbox 608 806 2013 874; baseline 0.002 -22"><span class='ocrx_word' id='word_1_40' title='bbox 608 807 741 852; x_wconf 89' lang='lat' dir='ltr'><strong>nium</strong></span> <span class='ocrx_word' id='word_1_41' title='bbox 760 806 956 854; x_wconf 88' lang='lat' dir='ltr'><strong>viderat.</strong></span> <span class='ocrx_word' id='word_1_42' title='bbox 982 808 1045 853; x_wconf 86' lang='lat' dir='ltr'><strong>Et</strong></span> <span class='ocrx_word' id='word_1_43' title='bbox 1068 818 1123 854; x_wconf 86' lang='lat' dir='ltr'><strong>ut</strong></span> <span class='ocrx_word' id='word_1_44' title='bbox 1145 826 1245 855; x_wconf 88' lang='lat' dir='ltr'><strong>non</strong></span> <span class='ocrx_word' id='word_1_45' title='bbox 1264 827 1379 856; x_wconf 87' lang='lat' dir='ltr'><strong>vana</strong></span> <span class='ocrx_word' id='word_1_46' title='bbox 1409 810 1589 867; x_wconf 90' lang='lat' dir='ltr'><strong>illusio,</strong></span> <span class='ocrx_word' id='word_1_47' title='bbox 1623 810 1702 857; x_wconf 84' lang='lat' dir='ltr'><strong>sed</strong></span> <span class='ocrx_word' id='word_1_48' title='bbox 1727 811 1885 874; x_wconf 91' lang='lat' dir='ltr'><strong>potius</strong></span> <span class='ocrx_word' id='word_1_49' title='bbox 1906 829 2013 857; x_wconf 82' lang='lat' dir='ltr'><strong>vera</strong></span> 
     </span>
     <span class='ocr_line' id='line_1_8' title="bbox 608 885 2019 953; baseline 0.002 -23"><span class='ocrx_word' id='word_1_50' title='bbox 608 885 832 933; x_wconf 76' lang='lat' dir='ltr'><strong>revelatio</strong></span> <span class='ocrx_word' id='word_1_51' title='bbox 863 885 1003 932; x_wconf 81' lang='lat' dir='ltr'><strong>fuisse</strong></span> <span class='ocrx_word' id='word_1_52' title='bbox 1034 886 1389 945; x_wconf 79' lang='lat' dir='ltr'><strong>ostenderetur,</strong></span> <span class='ocrx_word' id='word_1_53' title='bbox 1422 905 1578 953; x_wconf 87' lang='lat' dir='ltr'><strong>neque</strong></span> <span class='ocrx_word' id='word_1_54' title='bbox 1613 888 1690 934; x_wconf 88' lang='lat' dir='ltr'><strong>illa</strong></span> <span class='ocrx_word' id='word_1_55' title='bbox 1722 887 1825 944; x_wconf 84' lang='lat' dir='ltr'><strong>die,</strong></span> <span class='ocrx_word' id='word_1_56' title='bbox 1864 906 2019 952; x_wconf 89' lang='lat' dir='ltr'><strong>neque</strong></span> 
     </span>
     <span class='ocr_line' id='line_1_9' title="bbox 610 964 2022 1031; baseline 0.003 -22"><span class='ocrx_word' id='word_1_57' title='bbox 610 964 791 1010; x_wconf 83' lang='lat' dir='ltr'><strong>caeteris</strong></span> <span class='ocrx_word' id='word_1_58' title='bbox 819 982 927 1029; x_wconf 84' lang='lat' dir='ltr'><strong>quae</strong></span> <span class='ocrx_word' id='word_1_59' title='bbox 960 965 1086 1010; x_wconf 90' lang='lat' dir='ltr'><strong>illam</strong></span> <span class='ocrx_word' id='word_1_60' title='bbox 1107 976 1278 1012; x_wconf 87' lang='lat' dir='ltr'><strong>secutae</strong></span> <span class='ocrx_word' id='word_1_61' title='bbox 1302 977 1431 1023; x_wconf 86' lang='lat' dir='ltr'><strong>sunt,</strong></span> <span class='ocrx_word' id='word_1_62' title='bbox 1455 967 1606 1012; x_wconf 85' lang='lat' dir='ltr'><strong>ullum</strong></span> <span class='ocrx_word' id='word_1_63' title='bbox 1630 968 1676 1013; x_wconf 91' lang='lat' dir='ltr'><strong>in</strong></span> <span class='ocrx_word' id='word_1_64' title='bbox 1705 984 1907 1031; x_wconf 84' lang='lat' dir='ltr'><strong>corpore</strong></span> <span class='ocrx_word' id='word_1_65' title='bbox 1936 984 2022 1013; x_wconf 88' lang='lat' dir='ltr'><strong>suo</strong></span> 
     </span>
     <span class='ocr_line' id='line_1_10' title="bbox 611 1041 2023 1109; baseline 0.003 -23"><span class='ocrx_word' id='word_1_66' title='bbox 611 1052 941 1088; x_wconf 88' lang='lat' dir='ltr'><strong>consuetarum</strong></span> <span class='ocrx_word' id='word_1_67' title='bbox 966 1041 1175 1089; x_wconf 85' lang='lat' dir='ltr'><strong>febrium</strong></span> <span class='ocrx_word' id='word_1_68' title='bbox 1206 1044 1350 1090; x_wconf 85' lang='lat' dir='ltr'><strong>sensit</strong></span> <span class='ocrx_word' id='word_1_69' title='bbox 1380 1044 1626 1090; x_wconf 84' lang='lat' dir='ltr'><strong>indicium.</strong></span> <span class='ocrx_word' id='word_1_70' title='bbox 1650 1045 1820 1109; x_wconf 84' lang='lat' dir='ltr'><strong>Sicque</strong></span> <span class='ocrx_word' id='word_1_71' title='bbox 1844 1043 2023 1090; x_wconf 84' lang='lat' dir='ltr'><strong>factum</strong></span> 
     </span>
     <span class='ocr_line' id='line_1_11' title="bbox 611 1118 2024 1184; baseline 0.001 -21"><span class='ocrx_word' id='word_1_72' title='bbox 611 1127 696 1174; x_wconf 86' lang='lat' dir='ltr'><strong>est,</strong></span> <span class='ocrx_word' id='word_1_73' title='bbox 716 1129 769 1164; x_wconf 90' lang='lat' dir='ltr'><strong>ut</strong></span> <span class='ocrx_word' id='word_1_74' title='bbox 787 1129 833 1164; x_wconf 86' lang='lat' dir='ltr'><strong>et</strong></span> <span class='ocrx_word' id='word_1_75' title='bbox 850 1118 1021 1165; x_wconf 87' lang='lat' dir='ltr'><strong>visioni</strong></span> <span class='ocrx_word' id='word_1_76' title='bbox 1041 1119 1314 1179; x_wconf 79' lang='lat' dir='ltr'><strong>crederent,</strong></span> <span class='ocrx_word' id='word_1_77' title='bbox 1335 1130 1382 1167; x_wconf 89' lang='lat' dir='ltr'><strong>et</strong></span> <span class='ocrx_word' id='word_1_78' title='bbox 1408 1119 1548 1167; x_wconf 86' lang='lat' dir='ltr'><strong>fidem</strong></span> <span class='ocrx_word' id='word_1_79' title='bbox 1571 1120 1757 1167; x_wconf 87' lang='lat' dir='ltr'><strong>diaconi</strong></span> <span class='ocrx_word' id='word_1_80' title='bbox 1781 1120 2024 1184; x_wconf 85' lang='lat' dir='ltr'><strong>promissis</strong></span> 
     </span>
     <span class='ocr_line' id='line_1_12' title="bbox 612 1193 985 1243; baseline 0.011 -5"><span class='ocrx_word' id='word_1_81' title='bbox 612 1210 710 1241; x_wconf 92' lang='lat' dir='ltr'><strong>non</strong></span> <span class='ocrx_word' id='word_1_82' title='bbox 739 1193 985 1243; x_wconf 83' lang='lat' dir='ltr'><strong>haberent.</strong></span> 
     </span>
    </p>

    <p class='ocr_par' dir='ltr' id='par_1_3' title="bbox 607 1273 2036 2897">
     <span class='ocr_line' id='line_1_13' title="bbox 675 1273 2022 1339; baseline 0.001 -21"><span class='ocrx_word' id='word_1_83' title='bbox 675 1273 720 1318; x_wconf 85' lang='lat'><strong>6.</strong></span> <span class='ocrx_word' id='word_1_84' title='bbox 761 1274 908 1337; x_wconf 80' lang='lat' dir='ltr'><strong>Igitur</strong></span> <span class='ocrx_word' id='word_1_85' title='bbox 932 1275 1134 1321; x_wconf 85' lang='lat' dir='ltr'><strong>Romam</strong></span> <span class='ocrx_word' id='word_1_86' title='bbox 1164 1275 1433 1332; x_wconf 78' lang='lat' dir='ltr'><strong>venienteS,</strong></span> <span class='ocrx_word' id='word_1_87' title='bbox 1455 1278 1590 1339; x_wconf 86' lang='lat' dir='ltr'><strong>juxta</strong></span> <span class='ocrx_word' id='word_1_88' title='bbox 1622 1275 1862 1321; x_wconf 85' lang='lat' dir='ltr'><strong>basilicam</strong></span> <span class='ocrx_word' id='word_1_89' title='bbox 1894 1274 2022 1321; x_wconf 83' lang='lat' dir='ltr'><strong>Beati</strong></span> 
     </span>
     <span class='ocr_line' id='line_1_14' title="bbox 609 1351 2022 1419; baseline 0.004 -23"><span class='ocrx_word' id='word_1_90' title='bbox 609 1351 734 1397; x_wconf 86' lang='lat' dir='ltr'><strong>Petri</strong></span> <span class='ocrx_word' id='word_1_91' title='bbox 777 1352 1004 1416; x_wconf 87' lang='lat' dir='ltr'><strong>apostoli,</strong></span> <span class='ocrx_word' id='word_1_92' title='bbox 1041 1371 1149 1419; x_wconf 82' lang='lat' dir='ltr'><strong>quae</strong></span> <span class='ocrx_word' id='word_1_93' title='bbox 1183 1355 1360 1400; x_wconf 87' lang='lat' dir='ltr'><strong>dicitur</strong></span> <span class='ocrx_word' id='word_1_94' title='bbox 1398 1353 1470 1400; x_wconf 85' lang='lat' dir='ltr'><strong>Ad</strong></span> <span class='ocrx_word' id='word_1_95' title='bbox 1512 1354 1744 1413; x_wconf 80' lang='lat' dir='ltr'><strong>Vincula,</strong></span> <span class='ocrx_word' id='word_1_96' title='bbox 1790 1354 1837 1400; x_wconf 87' lang='lat' dir='ltr'><strong>in</strong></span> <span class='ocrx_word' id='word_1_97' title='bbox 1877 1353 2022 1401; x_wconf 90' lang='lat' dir='ltr'><strong>domo</strong></span> 
     </span>
     <span class='ocr_line' id='line_1_15' title="bbox 611 1427 2021 1496; baseline 0.002 -23"><span class='ocrx_word' id='word_1_98' title='bbox 611 1427 769 1490; x_wconf 89' lang='lat' dir='ltr'><strong>ipsius,</strong></span> <span class='ocrx_word' id='word_1_99' title='bbox 792 1446 901 1475; x_wconf 89' lang='lat' dir='ltr'><strong>cum</strong></span> <span class='ocrx_word' id='word_1_100' title='bbox 921 1448 1020 1495; x_wconf 86' lang='lat' dir='ltr'><strong>quo</strong></span> <span class='ocrx_word' id='word_1_101' title='bbox 1043 1441 1298 1490; x_wconf 87' lang='lat' dir='ltr'><strong>venerunt,</strong></span> <span class='ocrx_word' id='word_1_102' title='bbox 1316 1430 1523 1488; x_wconf 86' lang='lat' dir='ltr'><strong>diaconi,</strong></span> <span class='ocrx_word' id='word_1_103' title='bbox 1549 1430 1810 1496; x_wconf 86' lang='lat' dir='ltr'><strong>hospitium</strong></span> <span class='ocrx_word' id='word_1_104' title='bbox 1830 1447 2021 1494; x_wconf 89' lang='lat' dir='ltr'><strong>accepe-</strong></span> 
     </span>
     <span class='ocr_line' id='line_1_16' title="bbox 608 1507 2022 1573; baseline 0.002 -24"><span class='ocrx_word' id='word_1_105' title='bbox 608 1515 748 1562; x_wconf 85' lang='lat' dir='ltr'><strong>runt;</strong></span> <span class='ocrx_word' id='word_1_106' title='bbox 776 1519 1153 1573; x_wconf 83' lang='lat' dir='ltr'><strong>manseruntque</strong></span> <span class='ocrx_word' id='word_1_107' title='bbox 1179 1526 1288 1555; x_wconf 90' lang='lat' dir='ltr'><strong>cum</strong></span> <span class='ocrx_word' id='word_1_108' title='bbox 1318 1525 1375 1556; x_wconf 89' lang='lat' dir='ltr'><strong>eo</strong></span> <span class='ocrx_word' id='word_1_109' title='bbox 1406 1526 1492 1573; x_wconf 82' lang='lat' dir='ltr'><strong>per</strong></span> <span class='ocrx_word' id='word_1_110' title='bbox 1523 1509 1707 1573; x_wconf 82' lang='lat' dir='ltr'><strong>aliquot</strong></span> <span class='ocrx_word' id='word_1_111' title='bbox 1736 1507 1851 1564; x_wconf 86' lang='lat' dir='ltr'><strong>dies,</strong></span> <span class='ocrx_word' id='word_1_112' title='bbox 1879 1525 2022 1571; x_wconf 56' lang='lat' dir='ltr'><strong>oppeu</strong></span> 
     </span>
     <span class='ocr_line' id='line_1_17' title="bbox 608 1583 2019 1651; baseline 0.001 -23"><span class='ocrx_word' id='word_1_113' title='bbox 608 1583 783 1631; x_wconf 85' lang='lat' dir='ltr'><strong>rientes</strong></span> <span class='ocrx_word' id='word_1_114' title='bbox 816 1588 1163 1649; x_wconf 83' lang='lat' dir='ltr'><strong>promissorum</strong></span> <span class='ocrx_word' id='word_1_115' title='bbox 1203 1589 1300 1651; x_wconf 90' lang='lat' dir='ltr'><strong>ejus</strong></span> <span class='ocrx_word' id='word_1_116' title='bbox 1340 1586 1747 1651; x_wconf 86' lang='lat' dir='ltr'><strong>adimpletionem.</strong></span> <span class='ocrx_word' id='word_1_117' title='bbox 1787 1584 1877 1632; x_wconf 89' lang='lat' dir='ltr'><strong>Sed</strong></span> <span class='ocrx_word' id='word_1_118' title='bbox 1916 1585 2019 1639; x_wconf 88' lang='lat' dir='ltr'><strong>ille,</strong></span> 
     </span>
     <span class='ocr_line' id='line_1_18' title="bbox 608 1662 2022 1730; baseline 0.001 -23"><span class='ocrx_word' id='word_1_119' title='bbox 608 1662 687 1725; x_wconf 88' lang='lat' dir='ltr'><strong>qui</strong></span> <span class='ocrx_word' id='word_1_120' title='bbox 713 1680 815 1709; x_wconf 87' lang='lat' dir='ltr'><strong>suas</strong></span> <span class='ocrx_word' id='word_1_121' title='bbox 838 1665 1208 1728; x_wconf 82' lang='lat' dir='ltr'><strong>pollicitationes</strong></span> <span class='ocrx_word' id='word_1_122' title='bbox 1231 1665 1460 1730; x_wconf 87' lang='lat' dir='ltr'><strong>perficere</strong></span> <span class='ocrx_word' id='word_1_123' title='bbox 1486 1682 1584 1712; x_wconf 81' lang='lat' dir='ltr'><strong>non</strong></span> <span class='ocrx_word' id='word_1_124' title='bbox 1613 1663 1822 1720; x_wconf 83' lang='lat' dir='ltr'><strong>valebat,</strong></span> <span class='ocrx_word' id='word_1_125' title='bbox 1850 1664 2022 1727; x_wconf 85' lang='lat' dir='ltr'><strong>ipsum,</strong></span> 
     </span>
     <span class='ocr_line' id='line_1_19' title="bbox 607 1738 2030 1807; baseline 0 -23"><span class='ocrx_word' id='word_1_126' title='bbox 607 1739 735 1803; x_wconf 89' lang='lat' dir='ltr'><strong>quod</strong></span> <span class='ocrx_word' id='word_1_127' title='bbox 778 1758 878 1788; x_wconf 87' lang='lat' dir='ltr'><strong>non</strong></span> <span class='ocrx_word' id='word_1_128' title='bbox 929 1753 1140 1805; x_wconf 81' lang='lat' dir='ltr'><strong>poterat,</strong></span> <span class='ocrx_word' id='word_1_129' title='bbox 1188 1742 1473 1807; x_wconf 84' lang='lat' dir='ltr'><strong>quibusdam</strong></span> <span class='ocrx_word' id='word_1_130' title='bbox 1517 1738 2030 1806; x_wconf 80' lang='lat' dir='ltr'><strong>procrastinationibus</strong></span> 
     </span>
     <span class='ocr_line' id='line_1_20' title="bbox 610 1816 2033 1879; baseline -0.001 -16"><span class='ocrx_word' id='word_1_131' title='bbox 610 1817 847 1879; x_wconf 85' lang='lat' dir='ltr'><strong>palliabat.</strong></span> <span class='ocrx_word' id='word_1_132' title='bbox 875 1820 1089 1866; x_wconf 85' lang='lat' dir='ltr'><strong>Tandem</strong></span> <span class='ocrx_word' id='word_1_133' title='bbox 1117 1821 1263 1868; x_wconf 85' lang='lat' dir='ltr'><strong>locuti</strong></span> <span class='ocrx_word' id='word_1_134' title='bbox 1294 1837 1402 1865; x_wconf 89' lang='lat' dir='ltr'><strong>cum</strong></span> <span class='ocrx_word' id='word_1_135' title='bbox 1431 1819 1535 1878; x_wconf 88' lang='lat' dir='ltr'><strong>illo,</strong></span> <span class='ocrx_word' id='word_1_136' title='bbox 1566 1836 1652 1864; x_wconf 88' lang='lat' dir='ltr'><strong>cur</strong></span> <span class='ocrx_word' id='word_1_137' title='bbox 1677 1819 1742 1864; x_wconf 89' lang='lat' dir='ltr'><strong>eis</strong></span> <span class='ocrx_word' id='word_1_138' title='bbox 1774 1817 1859 1863; x_wconf 90' lang='lat' dir='ltr'><strong>illo</strong></span> <span class='ocrx_word' id='word_1_139' title='bbox 1890 1816 2033 1863; x_wconf 89' lang='lat' dir='ltr'><strong>modo</strong></span> 
     </span>
     <span class='ocr_line' id='line_1_21' title="bbox 612 1895 2036 1963; baseline 0 -23"><span class='ocrx_word' id='word_1_140' title='bbox 612 1895 750 1943; x_wconf 88' lang='lat' dir='ltr'><strong>vellet</strong></span> <span class='ocrx_word' id='word_1_141' title='bbox 779 1897 976 1945; x_wconf 87' lang='lat' dir='ltr'><strong>illudere</strong></span> <span class='ocrx_word' id='word_1_142' title='bbox 998 1900 1269 1963; x_wconf 87' lang='lat' dir='ltr'><strong>percontati</strong></span> <span class='ocrx_word' id='word_1_143' title='bbox 1302 1908 1439 1954; x_wconf 83' lang='lat' dir='ltr'><strong>sunt3</strong></span> <span class='ocrx_word' id='word_1_144' title='bbox 1469 1907 1690 1961; x_wconf 82' lang='lat' dir='ltr'><strong>rogantes</strong></span> <span class='ocrx_word' id='word_1_145' title='bbox 1721 1895 1881 1950; x_wconf 91' lang='lat' dir='ltr'><strong>simul,</strong></span> <span class='ocrx_word' id='word_1_146' title='bbox 1908 1912 1966 1941; x_wconf 87' lang='lat' dir='ltr'><strong>ne</strong></span> <span class='ocrx_word' id='word_1_147' title='bbox 1991 1912 2036 1940; x_wconf 89' lang='lat' dir='ltr'><strong>se</strong></span> 
     </span>
     <span class='ocr_line' id='line_1_22' title="bbox 608 1973 2033 2033; baseline 0 -14"><span class='ocrx_word' id='word_1_148' title='bbox 608 1973 786 2021; x_wconf 76' lang='lat' dir='ltr'><strong>(liutius</strong></span> <span class='ocrx_word' id='word_1_149' title='bbox 810 1975 1020 2024; x_wconf 86' lang='lat' dir='ltr'><strong>fallendo</strong></span> <span class='ocrx_word' id='word_1_150' title='bbox 1045 1977 1285 2024; x_wconf 88' lang='lat' dir='ltr'><strong>detineret</strong></span> <span class='ocrx_word' id='word_1_151' title='bbox 1300 2012 1312 2033; x_wconf 93' lang='lat'><strong>,</strong></span> <span class='ocrx_word' id='word_1_152' title='bbox 1343 1987 1390 2023; x_wconf 89' lang='lat' dir='ltr'><strong>et</strong></span> <span class='ocrx_word' id='word_1_153' title='bbox 1410 1976 1733 2023; x_wconf 85' lang='lat' dir='ltr'><strong>reversionem</strong></span> <span class='ocrx_word' id='word_1_154' title='bbox 1752 1992 1882 2020; x_wconf 83' lang='lat' dir='ltr'><strong>suam</strong></span> <span class='ocrx_word' id='word_1_155' title='bbox 1902 1974 2033 2020; x_wconf 85' lang='lat' dir='ltr'><strong>vanis</strong></span> 
     </span>
     <span class='ocr_line' id='line_1_23' title="bbox 610 2051 2032 2118; baseline 0 -23"><span class='ocrx_word' id='word_1_156' title='bbox 610 2051 780 2113; x_wconf 85' lang='lat' dir='ltr'><strong>spebus</strong></span> <span class='ocrx_word' id='word_1_157' title='bbox 829 2052 1096 2118; x_wconf 85' lang='lat' dir='ltr'><strong>impediret.</strong></span> <span class='ocrx_word' id='word_1_158' title='bbox 1134 2055 1215 2100; x_wconf 83' lang='lat' dir='ltr'><strong>His</strong></span> <span class='ocrx_word' id='word_1_159' title='bbox 1249 2053 1328 2100; x_wconf 93' lang='lat' dir='ltr'><strong>ille</strong></span> <span class='ocrx_word' id='word_1_160' title='bbox 1362 2052 1558 2108; x_wconf 87' lang='lat' dir='ltr'><strong>auditis,</strong></span> <span class='ocrx_word' id='word_1_161' title='bbox 1594 2070 1702 2099; x_wconf 90' lang='lat' dir='ltr'><strong>cum</strong></span> <span class='ocrx_word' id='word_1_162' title='bbox 1736 2062 1952 2098; x_wconf 81' lang='lat' dir='ltr'><strong>cerneret</strong></span> <span class='ocrx_word' id='word_1_163' title='bbox 1985 2069 2032 2096; x_wconf 89' lang='lat' dir='ltr'><strong>se</strong></span> 
     </span>
     <span class='ocr_line' id='line_1_24' title="bbox 614 2127 2030 2196; baseline 0.004 -25"><span class='ocrx_word' id='word_1_164' title='bbox 614 2127 881 2191; x_wconf 89' lang='lat' dir='ltr'><strong>hujusmodi</strong></span> <span class='ocrx_word' id='word_1_165' title='bbox 903 2132 1159 2179; x_wconf 84' lang='lat' dir='ltr'><strong>calliditate</strong></span> <span class='ocrx_word' id='word_1_166' title='bbox 1180 2133 1353 2196; x_wconf 85' lang='lat' dir='ltr'><strong>eisjam</strong></span> <span class='ocrx_word' id='word_1_167' title='bbox 1370 2131 1571 2195; x_wconf 90' lang='lat' dir='ltr'><strong>amplius</strong></span> <span class='ocrx_word' id='word_1_168' title='bbox 1597 2148 1696 2177; x_wconf 88' lang='lat' dir='ltr'><strong>non</strong></span> <span class='ocrx_word' id='word_1_169' title='bbox 1718 2147 1851 2194; x_wconf 91' lang='lat' dir='ltr'><strong>posse</strong></span> <span class='ocrx_word' id='word_1_170' title='bbox 1873 2130 2030 2193; x_wconf 90' lang='lat' dir='ltr'><strong>impo-</strong></span> 
     </span>
     <span class='ocr_line' id='line_1_25' title="bbox 613 2207 2030 2273; baseline 0.001 -22"><span class='ocrx_word' id='word_1_171' title='bbox 613 2223 747 2263; x_wconf 84' lang='lat' dir='ltr'><strong>nere,</strong></span> <span class='ocrx_word' id='word_1_172' title='bbox 774 2209 931 2270; x_wconf 86' lang='lat' dir='ltr'><strong>primo</strong></span> <span class='ocrx_word' id='word_1_173' title='bbox 953 2212 1195 2258; x_wconf 85' lang='lat' dir='ltr'><strong>notarium</strong></span> <span class='ocrx_word' id='word_1_174' title='bbox 1225 2229 1386 2259; x_wconf 86' lang='lat' dir='ltr'><strong>meum</strong></span> <span class='ocrx_word' id='word_1_175' title='bbox 1405 2221 1590 2257; x_wconf 88' lang='lat' dir='ltr'><strong>certum</strong></span> <span class='ocrx_word' id='word_1_176' title='bbox 1609 2209 1722 2256; x_wconf 88' lang='lat' dir='ltr'><strong>fecit</strong></span> <span class='ocrx_word' id='word_1_177' title='bbox 1740 2207 1798 2256; x_wconf 90' lang='lat' dir='ltr'><strong>de</strong></span> <span class='ocrx_word' id='word_1_178' title='bbox 1818 2208 2030 2273; x_wconf 86' lang='lat' dir='ltr'><strong>reliquiis</strong></span> 
     </span>
     <span class='ocr_line' id='line_1_26' title="bbox 613 2283 2030 2353; baseline 0.003 -26"><span class='ocrx_word' id='word_1_179' title='bbox 613 2283 730 2329; x_wconf 89' lang='lat' dir='ltr'><strong>mihi</strong></span> <span class='ocrx_word' id='word_1_180' title='bbox 754 2288 1019 2348; x_wconf 76' lang='lat' dir='ltr'><strong>promissi5‚</strong></span> <span class='ocrx_word' id='word_1_181' title='bbox 1047 2290 1178 2353; x_wconf 88' lang='lat' dir='ltr'><strong>quod</strong></span> <span class='ocrx_word' id='word_1_182' title='bbox 1201 2306 1275 2336; x_wconf 87' lang='lat' dir='ltr'><strong>eas</strong></span> <span class='ocrx_word' id='word_1_183' title='bbox 1302 2287 1473 2335; x_wconf 85' lang='lat' dir='ltr'><strong>habere</strong></span> <span class='ocrx_word' id='word_1_184' title='bbox 1494 2305 1593 2335; x_wconf 91' lang='lat' dir='ltr'><strong>non</strong></span> <span class='ocrx_word' id='word_1_185' title='bbox 1618 2297 1800 2351; x_wconf 81' lang='lat' dir='ltr'><strong>posset,</strong></span> <span class='ocrx_word' id='word_1_186' title='bbox 1824 2303 1880 2332; x_wconf 90' lang='lat' dir='ltr'><strong>eo</strong></span> <span class='ocrx_word' id='word_1_187' title='bbox 1899 2283 2030 2350; x_wconf 84' lang='lat' dir='ltr'><strong>quod</strong></span> 
     </span>
     <span class='ocr_line' id='line_1_27' title="bbox 615 2359 2030 2428; baseline 0.001 -25"><span class='ocrx_word' id='word_1_188' title='bbox 615 2359 762 2406; x_wconf 76' lang='lat' dir='ltr'><strong>frater</strong></span> <span class='ocrx_word' id='word_1_189' title='bbox 787 2379 919 2417; x_wconf 64' lang='lat' dir='ltr'><strong>sum,</strong></span> <span class='ocrx_word' id='word_1_190' title='bbox 958 2366 1031 2410; x_wconf 89' lang='lat' dir='ltr'><strong>cui</strong></span> <span class='ocrx_word' id='word_1_191' title='bbox 1070 2376 1115 2411; x_wconf 91' lang='lat' dir='ltr'><strong>et</strong></span> <span class='ocrx_word' id='word_1_192' title='bbox 1147 2366 1371 2422; x_wconf 80' lang='lat' dir='ltr'><strong>domum,</strong></span> <span class='ocrx_word' id='word_1_193' title='bbox 1400 2375 1447 2412; x_wconf 92' lang='lat' dir='ltr'><strong>et</strong></span> <span class='ocrx_word' id='word_1_194' title='bbox 1472 2374 1639 2410; x_wconf 87' lang='lat' dir='ltr'><strong>cuncta</strong></span> <span class='ocrx_word' id='word_1_195' title='bbox 1667 2381 1775 2428; x_wconf 74' lang='lat' dir='ltr'><strong>quae</strong></span> <span class='ocrx_word' id='word_1_196' title='bbox 1807 2361 2030 2412; x_wconf 74' lang='lat' dir='ltr'><strong>habebat,</strong></span> 
     </span>
     <span class='ocr_line' id='line_1_28' title="bbox 617 2437 2032 2508; baseline 0.004 -26"><span class='ocrx_word' id='word_1_197' title='bbox 617 2437 726 2485; x_wconf 90' lang='lat' dir='ltr'><strong>inde</strong></span> <span class='ocrx_word' id='word_1_198' title='bbox 748 2438 908 2486; x_wconf 88' lang='lat' dir='ltr'><strong>abiens</strong></span> <span class='ocrx_word' id='word_1_199' title='bbox 941 2444 1370 2500; x_wconf 80' lang='lat' dir='ltr'><strong>commendaverat,</strong></span> <span class='ocrx_word' id='word_1_200' title='bbox 1400 2442 1675 2508; x_wconf 78' lang='lat' dir='ltr'><strong>negotiandi</strong></span> <span class='ocrx_word' id='word_1_201' title='bbox 1701 2443 1849 2505; x_wconf 78' lang='lat' dir='ltr'><strong>gratia</strong></span> <span class='ocrx_word' id='word_1_202' title='bbox 1882 2442 2032 2487; x_wconf 87' lang='lat' dir='ltr'><strong>Bene-</strong></span> 
     </span>
     <span class='ocr_line' id='line_1_29' title="bbox 617 2517 2030 2585; baseline 0.004 -27"><span class='ocrx_word' id='word_1_203' title='bbox 617 2526 813 2561; x_wconf 87' lang='lat' dir='ltr'><strong>ventum</strong></span> <span class='ocrx_word' id='word_1_204' title='bbox 832 2529 948 2565; x_wconf 86' lang='lat' dir='ltr'><strong>esset</strong></span> <span class='ocrx_word' id='word_1_205' title='bbox 970 2520 1231 2583; x_wconf 83' lang='lat' dir='ltr'><strong>profectuS,</strong></span> <span class='ocrx_word' id='word_1_206' title='bbox 1252 2539 1304 2568; x_wconf 83' lang='lat' dir='ltr'><strong>ac</strong></span> <span class='ocrx_word' id='word_1_207' title='bbox 1329 2539 1375 2568; x_wconf 92' lang='lat' dir='ltr'><strong>se</strong></span> <span class='ocrx_word' id='word_1_208' title='bbox 1396 2525 1582 2585; x_wconf 86' lang='lat' dir='ltr'><strong>penitus</strong></span> <span class='ocrx_word' id='word_1_209' title='bbox 1603 2520 1822 2583; x_wconf 75' lang='lat' dir='ltr'><strong>ignorare</strong></span> <span class='ocrx_word' id='word_1_210' title='bbox 1839 2517 2030 2583; x_wconf 84' lang='lat' dir='ltr'><strong>quando</strong></span> 
     </span>
     <span class='ocr_line' id='line_1_30' title="bbox 617 2597 2030 2664; baseline 0.003 -27"><span class='ocrx_word' id='word_1_211' title='bbox 617 2604 735 2639; x_wconf 87' lang='lat' dir='ltr'><strong>esset</strong></span> <span class='ocrx_word' id='word_1_212' title='bbox 767 2612 1065 2651; x_wconf 76' lang='lat' dir='ltr'><strong>reversurus,</strong></span> <span class='ocrx_word' id='word_1_213' title='bbox 1100 2608 1146 2644; x_wconf 91' lang='lat' dir='ltr'><strong>et</strong></span> <span class='ocrx_word' id='word_1_214' title='bbox 1174 2600 1282 2663; x_wconf 86' lang='lat' dir='ltr'><strong>quia</strong></span> <span class='ocrx_word' id='word_1_215' title='bbox 1318 2601 1356 2646; x_wconf 90' lang='lat' dir='ltr'><strong>ei</strong></span> <span class='ocrx_word' id='word_1_216' title='bbox 1398 2599 1619 2664; x_wconf 88' lang='lat' dir='ltr'><strong>reliquias</strong></span> <span class='ocrx_word' id='word_1_217' title='bbox 1656 2597 1782 2654; x_wconf 88' lang='lat' dir='ltr'><strong>illas,</strong></span> <span class='ocrx_word' id='word_1_218' title='bbox 1830 2597 1952 2642; x_wconf 86' lang='lat' dir='ltr'><strong>sicut</strong></span> <span class='ocrx_word' id='word_1_219' title='bbox 1983 2608 2030 2642; x_wconf 89' lang='lat' dir='ltr'><strong>et·</strong></span> 
     </span>
     <span class='ocr_line' id='line_1_31' title="bbox 619 2674 2026 2737; baseline 0.003 -22"><span class='ocrx_word' id='word_1_220' title='bbox 619 2683 837 2719; x_wconf 83' lang='lat' dir='ltr'><strong>caeteram</strong></span> <span class='ocrx_word' id='word_1_221' title='bbox 867 2674 1266 2737; x_wconf 89' lang='lat' dir='ltr'><strong>suppellectilem,</strong></span> <span class='ocrx_word' id='word_1_222' title='bbox 1295 2678 1350 2723; x_wconf 86' lang='lat' dir='ltr'><strong>ad</strong></span> <span class='ocrx_word' id='word_1_223' title='bbox 1384 2675 1667 2724; x_wconf 81' lang='lat' dir='ltr'><strong>servandum</strong></span> <span class='ocrx_word' id='word_1_224' title='bbox 1702 2675 2026 2728; x_wconf 84' lang='lat' dir='ltr'><strong>commiserat,</strong></span> 
     </span>
     <span class='ocr_line' id='line_1_32' title="bbox 620 2752 2029 2820; baseline 0.004 -27"><span class='ocrx_word' id='word_1_225' title='bbox 620 2767 705 2794; x_wconf 76' lang='lat' dir='ltr'><strong>nec</strong></span> <span class='ocrx_word' id='word_1_226' title='bbox 736 2752 938 2797; x_wconf 89' lang='lat' dir='ltr'><strong>omnino</strong></span> <span class='ocrx_word' id='word_1_227' title='bbox 963 2769 1008 2798; x_wconf 91' lang='lat' dir='ltr'><strong>se</strong></span> <span class='ocrx_word' id='word_1_228' title='bbox 1033 2753 1151 2799; x_wconf 83' lang='lat' dir='ltr'><strong>scire</strong></span> <span class='ocrx_word' id='word_1_229' title='bbox 1178 2771 1335 2816; x_wconf 75' lang='lat' dir='ltr'><strong>posse,</strong></span> <span class='ocrx_word' id='word_1_230' title='bbox 1359 2756 1474 2820; x_wconf 88' lang='lat' dir='ltr'><strong>quid</strong></span> <span class='ocrx_word' id='word_1_231' title='bbox 1493 2754 1549 2801; x_wconf 89' lang='lat' dir='ltr'><strong>de</strong></span> <span class='ocrx_word' id='word_1_232' title='bbox 1577 2754 1646 2800; x_wconf 84' lang='lat' dir='ltr'><strong>his</strong></span> <span class='ocrx_word' id='word_1_233' title='bbox 1682 2754 1887 2805; x_wconf 85' lang='lat' dir='ltr'><strong>fecisset,</strong></span> <span class='ocrx_word' id='word_1_234' title='bbox 1909 2770 2029 2817; x_wconf 85' lang='lat' dir='ltr'><strong>quo-</strong></span> 
     </span>
     <span class='ocr_line' id='line_1_33' title="bbox 621 2828 2029 2897; baseline 0.002 -26"><span class='ocrx_word' id='word_1_235' title='bbox 621 2828 741 2873; x_wconf 79' lang='lat' dir='ltr'><strong>niam</strong></span> <span class='ocrx_word' id='word_1_236' title='bbox 766 2847 836 2875; x_wconf 82' lang='lat' dir='ltr'><strong>eas</strong></span> <span class='ocrx_word' id='word_1_237' title='bbox 859 2831 904 2875; x_wconf 85' lang='lat' dir='ltr'><strong>in</strong></span> <span class='ocrx_word' id='word_1_238' title='bbox 928 2830 1085 2876; x_wconf 66' lang='lat' dir='ltr'><strong>vadem</strong></span> <span class='ocrx_word' id='word_1_239' title='bbox 1105 2831 1249 2876; x_wconf 79' lang='lat' dir='ltr'><strong>domo</strong></span> <span class='ocrx_word' id='word_1_240' title='bbox 1270 2850 1496 2897; x_wconf 78' lang='lat' dir='ltr'><strong>nusquam</strong></span> <span class='ocrx_word' id='word_1_241' title='bbox 1521 2833 1775 2878; x_wconf 80' lang='lat' dir='ltr'><strong>invenisset</strong></span> <span class='ocrx_word' id='word_1_242' title='bbox 1798 2851 1806 2875; x_wconf 89' lang='lat'>:</span> <span class='ocrx_word' id='word_1_243' title='bbox 1830 2831 2029 2893; x_wconf 74' lang='lat' dir='ltr'><strong>proinde</strong></span> 
     </span>
    </p>
   </div>
  </div>
 </body>
</html>
