2105 3348
460 316 542 355 462

508 400 625 427 ornata
641 416 650 430 ,
677 391 719 422 86
732 414 741 429 ,
775 389 816 421 ab
839 386 962 421 eodem
980 398 1140 431 magnam

508 447 639 486 partem
666 435 816 468 thesauri
858 434 970 466 Hunis
1010 433 1140 477 erepti,

509 487 574 519 230
587 492 639 524 ,et
657 494 809 515 mensam
828 489 1042 525 argenteam,
1061 480 1140 513 des-

508 530 713 575 criptionem
733 528 826 561 urbis
843 527 1142 571 Constantinopo-

509 577 668 623 politanae
699 574 956 613 continentem,
994 585 1036 606 ex
1069 574 1143 618 ejus

505 631 708 657 testamento
738 620 864 666 accipit
883 647 892 662 ,
935 621 1011 653 108.
1031 638 1079 646 -
1106 620 1141 654 S.

512 670 599 702 Petri
619 668 757 709 familia,
779 668 789 700 i
819 680 850 700 e.
869 667 972 708 servi,
994 667 1072 700 362.

464 718 607 750 Petrocia
642 715 818 749 castellum
858 714 870 759 (
897 715 1068 760 Peyrusse
1102 725 1145 745 en

511 765 695 808 Rouergue
707 764 716 806 )
729 788 737 802 ,
764 773 781 793 a
793 761 944 806 Pippino
959 772 1147 806 expugna-

515 818 581 849 tur,
603 810 637 850 Ι,
662 812 737 848 146.

466 859 609 890 Pmnns
622 855 811 900 apostolus,
830 853 865 894 I,
885 854 968 896 2283
992 853 1050 893 ΙΙ,
1067 852 1146 896 397.

511 902 658 936 —Petri
675 909 708 934 et
721 900 819 933 Pauli
839 901 1077 947 apostolorum
1095 899 1148 932 vi—

513 949 610 995 gilia,
636 949 715 981 336.

467 997 500 1030 S.
523 997 666 1029 Penius
680 1019 689 1035 ,
709 994 732 1027 i.
761 1006 794 1027 e.
823 993 921 1026 sedes
941 992 1150 1039 apostolica,

515 1042 531 1074 Ι
545 1067 555 1083 ,
579 1042 653 1074 132.

468 1090 504 1124 S.
537 1090 702 1128 Parnus,
735 1086 907 1120 exorcista
926 1087 965 1121 Β.
1003 1086 1151 1118 Marcel-

514 1135 576 1168 lini
596 1134 727 1175 socius,
750 1134 809 1175 ΙΙ,
833 1137 895 1176 194
910 1159 918 1174 ‚
949 1133 1013 1176 392
1029 1157 1039 1172 ,
1070 1132 1149 1176 397,

517 1182 599 1225 399,
629 1186 718 1220 [100⁵
742 1185 803 1220 4οῙ
819 1205 828 1220 ⁹
850 1186 938 1220 402,
964 1179 1043 1222 403,
1064 1182 1147 1220 4042

517 1230 595 1270 405.
616 1226 700 1260 Vid.
725 1226 962 1259 Marcellinus.

468 1274 609 1307 Pnrnus
628 1274 791 1313 Pisanus,
811 1272 997 1313 diaconus,
1023 1271 1059 1304 in
1080 1270 1151 1303 dis-

513 1319 622 1354 cenda
652 1319 873 1365 grammatica
901 1319 1073 1352 Karolum
1098 1318 1148 1352 M.

514 1366 655 1407 edocet,
677 1366 707 1406 Ι,
728 1367 784 1407 82,
805 1371 884 1406 414.

468 1414 624 1458 Pferinga
649 1413 830 1458 (Phoring
849 1426 892 1446 en
907 1412 1094 1457 Baviere),
1113 1412 1148 1453 I,

517 1465 595 1498 204.

467 1507 698 1552 Plzaplzenstein
714 1505 890 1545 Einhardi,
912 1505 930 1537 Ι
943 1531 951 1545 ,
977 1510 1056 1548 419.

467 1553 582 1586 Pium
604 1553 722 1594 cita1.,
743 1553 801 1595 ΙΙ,
825 1557 885 1593 44,
910 1554 987 1585 166.

467 1602 638 1632 Pictavium
657 1600 778 1633 civitas
796 1600 831 1632 in
850 1599 1035 1645 Aquitania
1051 1599 1152 1644 (Poi-

514 1647 636 1692 tiers)‚
656 1647 673 1679 I
687 1672 697 1686 ,
727 1659 779 1680 10.
800 1648 911 1679 Vetus
934 1645 1124 1679 Pictavium
1142 1672 1151 1687 ‚

518 1705 601 1734 1203
618 1693 667 1726 ibi
687 1693 857 1739 Pippinus
883 1701 917 1725 et
939 1693 1152 1725 Karloman-

515 1751 582 1772 nus
602 1752 751 1785 regnum
779 1739 870 1772 inter
893 1752 928 1772 se
957 1738 1122 1772 dividunt
1141 1766 1150 1780 ‚

516 1785 593 1818 ibid.
616 1806 663 1812 -—
680 1785 905 1820 pictaviensis
928 1797 1043 1819 comes
1059 1813 1068 1829 ‚
1089 1786 1152 1819 Ri-

517 1832 717 1873 chowinus,
744 1833 823 1865 310.

469 1880 647 1912 anns-us
681 1881 792 1924 major
838 1877 964 1911 domus
982 1905 990 1919 ,
1030 1879 1153 1913 Karoli

515 1925 668 1958 Martelli
688 1934 798 1970 pater,
818 1926 848 1965 I,
873 1937 923 1958 10.

467 1972 657 2013 inmus,
667 1972 787 2005 Karoli
800 1971 950 2005 Martelli
962 1972 1068 2014 filius,
1078 1985 1153 2006 ma-

511 2018 600 2063 joris
626 2018 752 2052 domus
768 2018 1008 2064 magistratum
1026 2019 1068 2052 ab
1089 2033 1153 2053 avo

515 2073 550 2097 et
584 2073 680 2111 patre
710 2066 972 2107 transmissum,
1002 2079 1154 2100 unacum

515 2111 620 2144 fratre
648 2125 711 2145 suo
736 2113 977 2145 Karlomanno
1002 2113 1154 2158 primum

515 2167 666 2200 exercet,
685 2159 715 2200 I,
739 2171 801 2199 1o;
827 2171 890 2204 per
914 2160 1154 2193 auctoritatem

515 2206 664 2238 Romani
692 2205 868 2251 pontificis
885 2217 946 2238 rex
971 2207 1153 2240 constitui·

517 2258 589 2291 tur,
605 2264 658 2292 1²3
674 2251 824 2285 Pax-isius
834 2252 992 2294 moritur,
1011 2265 1048 2287 η
1066 2262 1099 2287 et
1113 2254 1152 2287 13

517 2305 594 2330 not.
625 2299 677 2330 De
704 2299 801 2332 Bello
826 2298 923 2344 quod
944 2299 980 2332 in
1010 2301 1152 2345 Lango-

518 2343 668 2384 bardos,
705 2344 926 2389 supplicante
973 2347 1153 2391 Stephano

518 2401 622 2434 papa,
639 2391 800 2435 suscepit,
821 2391 874 2430 18,
890 2403 944 2423 20.
959 2391 1044 2437 Ejus
1054 2393 1154 2437 regni

518 2436 666 2469 Annales
680 2461 690 2476 ,
728 2439 788 2469 116
806 2435 848 2469 ad
871 2439 946 2469 150.
963 2457 1004 2461 —
1026 2439 1077 2470 De
1098 2451 1154 2471 sa—

516 2491 694 2515 cramento
707 2482 884 2515 fidelitatis
900 2483 930 2515 ei
945 2496 962 2516 a
975 2484 1156 2518 Tassilone

520 2529 687 2574 praestito,
716 2530 792 2562 180.
809 2549 854 2556 —
872 2529 985 2575 Regni
1007 2530 1132 2564 limites
1145 2557 1155 2571 ,

523 2578 577 2615 46.
591 2595 636 2601 —
655 2577 706 2609 De
730 2575 825 2609 libris
852 2575 895 2609 ad
915 2589 995 2609 eum
1013 2589 1031 2609 a
1048 2577 1156 2610 Paulo

518 2634 608 2667 papa
624 2621 777 2663 directis,
800 2635 862 2666 109
879 2631 953 2656 not.

472 2668 669 2709 P1pp1nns,
692 2669 833 2714 Pippini
852 2670 944 2716 regis
960 2670 1070 2712 filius,
1089 2680 1154 2704 ter-

520 2715 568 2748 tio
596 2724 675 2761 post
700 2716 916 2750 nativitatem
946 2729 1041 2750 suam
1062 2730 1154 2751 anno

517 2761 670 2804 decedit,
690 2762 724 2802 Ι,
749 2763 824 2795 136.

468 2807 659 2850 Pirenam,
677 2808 799 2843 Karoli
816 2811 912 2844 M.-et
932 2810 1155 2856 Hildegardis

917 306 1084 347 INDEX
1115 306 1419 345 GENERALIS.

1247 385 1359 426 filius,
1380 397 1441 418 rex
1459 384 1582 426 Italiae,
1601 386 1618 417 1
1632 412 1641 426 ‚
1658 390 1718 428 40,
1735 388 1779 420 60
1793 414 1802 430 ,
1821 390 1883 429 64,

1249 432 1314 472 413
1329 446 1337 473 3
1379 433 1496 464 Romae
1531 431 1573 465 ab
1608 431 1761 466 Adriano
1797 446 1885 479 papa

1248 487 1373 511 unctus
1392 486 1425 511 et
1444 478 1651 523 baptizatus,
1670 492 1730 512 rex
1748 480 1784 512 in
1800 481 1886 513 Lan·

1253 524 1419 569 gobardia
1439 526 1674 567 constituitur,
1700 527 1787 570 1783
1808 539 1886 559 cum

1250 571 1378 604 Italicis
1407 572 1518 617 copiis
1542 584 1604 618 per
1634 572 1890 606 Tredentinam

1249 618 1375 652 vallem
1403 627 1525 651 contra
1555 619 1773 652 Tassilonem
1802 632 1889 664 pro-

1251 663 1421 710 greditur,
1437 669 1516 705 2043
1531 665 1644 698 Hunis
1656 674 1750 698 trans
1765 666 1889 698 Tizam

1251 711 1392 756 fugatis,
1411 724 1532 745 eorum
1551 711 1725 757 Hringuin
1744 720 1891 757 occupat

1252 766 1286 790 et
1329 758 1486 803 ingentia
1527 759 1637 804 spolia
1681 758 1725 792 ad
1768 759 1889 804 Impe-

1252 812 1403 838 ratorem
1452 805 1709 850 Aquisgranum
1759 804 1889 846 defert,

1255 852 1341 892 2303
1374 850 1416 884 ad
1446 861 1578 898 patrem
1593 879 1602 894 ,
1644 852 1819 885 Heristelli
1855 852 1892 885 in

1255 898 1403 932 Saxonia
1424 924 1433 939 ,
1456 898 1637 931 mandatus
1655 899 1770 938 venit,
1801 898 1890 940 2343

1255 953 1381 978 terram
1395 945 1719 979 Beneventanorum
1735 944 1892 990 ingredi-

1257 999 1333 1032 tur,
1367 994 1455 1033 246,
1483 994 1570 1034 2503
1615 992 1656 1025 ad
1688 1001 1822 1037 patrem
1849 991 1893 1025 ad

1257 1037 1463 1073 Tlieodonis
1480 1038 1609 1072 Villam
1630 1040 1737 1080 venit,
1755 1042 1819 1072 252
1835 1050 1844 1079 ;
1858 1039 1893 1070 in

1258 1085 1392 1117 ltaliam
1406 1085 1618 1131 regreditur⁷
1638 1088 1726 1128 264;
1747 1086 1782 1118 in
1795 1087 1895 1118 Mau-

1257 1144 1314 1164 ros
1341 1132 1518 1164 Corsicam
1548 1140 1721 1166 vastantes
1751 1132 1895 1165 classem

1257 1178 1362 1211 mittit
1373 1205 1380 1219 ‚
1399 1180 1464 1211 266
1478 1191 1487 1218 ;
1504 1190 1583 1211 cum
1594 1179 1715 1212 Niceta
1727 1178 1872 1224 patricio
1883 1203 1893 1219 ,

1260 1237 1324 1268 272
1343 1249 1353 1265 ‚
1372 1236 1452 1256 cum
1473 1225 1602 1266 Paulo,
1629 1226 1692 1270 278
1719 1251 1728 1266 ,
1749 1224 1793 1258 de
1810 1236 1895 1270 pace

1258 1271 1350 1304 inter
1377 1271 1529 1304 Francos
1554 1279 1588 1304 et
1611 1272 1750 1304 Graecos
1765 1271 1896 1305 consti-

1259 1316 1387 1350 tuenda
1406 1325 1548 1359 tractat3
1566 1318 1714 1351 Venetia
1736 1319 1895 1357 subacta,

1259 1364 1398 1398 classem
1422 1363 1464 1397 ad
1487 1365 1665 1399 Dalmatiae
1683 1365 1799 1398 littora
1816 1376 1896 1398 vas-

1258 1411 1362 1444 tanda
1381 1411 1508 1452 mittit,
1530 1413 1615 1454 2863
1646 1412 1716 1445 vita
1734 1410 1895 1451 decedit,

1260 1459 1338 1491 288.

1211 1503 1388 1538 Pmpmns
1419 1504 1615 1546 Gibbosus,
1643 1504 1767 1538 Karoli
1787 1505 1838 1537 M.
1864 1512 1899 1537 et

1259 1551 1464 1585 concubinae
1478 1552 1569 1584 filius
1581 1579 1589 1593 ,
1609 1553 1645 1585 in
1664 1559 1800 1598 patrem
1815 1563 1899 1584 con-

1255 1598 1470 1643 jurationem
1503 1599 1625 1639 habet3
1661 1611 1728 1644 qua
1769 1598 1898 1644 depre-

1260 1645 1365 1677 hensa
1380 1671 1389 1686 ‚
1419 1644 1454 1677 in
1483 1646 1641 1678 coenobio
1668 1645 1805 1678 Prumia
1835 1644 1899 1678 de-

1259 1700 1380 1724 tonsus
1401 1700 1472 1733 est,
1493 1693 1531 1733 I,
1549 1694 1611 1734 68,
1630 1705 1692 1737 70,
1718 1704 1802 1733 2203
1819 1704 1896 1725 mo-

1259 1739 1361 1780 ritur,
1385 1750 1463 1783 297,
1484 1747 1558 1771 not.

1212 1786 1404 1826 innvus,
1421 1784 1617 1818 Hludowici
1636 1785 1688 1819 Pii
1703 1785 1796 1818 filius
1808 1810 1818 1827 ‚
1838 1797 1898 1819 rex

1259 1831 1466 1877 Aquitaniae,
1482 1832 1519 1865 in
1537 1832 1757 1877 Aquitaniam
1770 1845 1786 1864 a
1802 1840 1899 1877 patre

1260 1878 1444 1922 mittitur,1
1459 1905 1467 1920 ‚
1495 1879 1585 1919 3[0;
1605 1878 1833 1912 Wasconiam
1846 1879 1899 1912 in-

1260 1938 1396 1970 gressus
1408 1951 1416 1966 ,
1439 1926 1528 1958 hanc
1545 1926 1763 1971 provinciam
1777 1933 1898 1971 pacat,

1260 1973 1326 2006 336
1340 1987 1349 2014 3
1368 1972 1476 2005 filiam
1490 1972 1698 2006 Theotberti
1714 1972 1901 2007 Matricen-

1262 2018 1306 2052 sis
1320 2018 1457 2052 comitis
1476 2019 1512 2051 in
1524 2020 1730 2065 conjugium
1746 2027 1898 2064 accepta,

1260 2065 1295 2098 in
1315 2065 1539 2111 Aquitaniam
1565 2065 1776 2111 regreditur,
1810 2067 1900 2106 3543

1259 2112 1296 2145 in
1313 2112 1511 2146 Britannica
1537 2112 1784 2157 expeditione,
1810 2113 1901 2158 parti

1260 2159 1432 2193 exercitus
1444 2171 1463 2192 a
1476 2159 1686 2192 Hludowico
1699 2160 1899 2205 praeficitur,

1262 2206 1350 2246 368;
1384 2218 1462 2238 cum
1495 2206 1721 2251 optimatibus
1753 2207 1824 2240 suis
1857 2205 1900 2238 ad

1261 2253 1508 2297 imperatorem
1538 2253 1757 2298 Aquasgrani
1783 2255 1901 2298 jussus

1262 2299 1368 2339 venit,
1390 2298 1435 2332 de
1449 2298 1724 2332 occidentalibus
1746 2299 1901 2346 partibus

1262 2354 1381 2378 contra
1396 2345 1602 2377 Sarracenos
1617 2345 1755 2380 tuendis
1773 2354 1901 2379 tracta-

1263 2399 1374 2433 turus,
1391 2392 1477 2430 3803
1491 2391 1527 2423 in
1542 2391 1762 2427 Abumarvan
1781 2394 1900 2428 Sarra-

1264 2449 1431 2470 cenorum
1448 2436 1572 2470 ducem
1592 2439 1716 2472 missus
1730 2465 1739 2481 ‚
1762 2452 1817 2473 res
1833 2439 1900 2472 mi-

1262 2496 1328 2516 nus
1344 2495 1511 2530 prospere
1523 2485 1607 2530 agit,
1624 2486 1704 2526 388;
1719 2499 1799 2520 cum
1815 2486 1901 2519 Hlo—

1263 2531 1377 2563 thario
1390 2531 1494 2564 fratre
1507 2544 1570 2564 suo
1581 2532 1676 2578 apud
1686 2533 1900 2580 Lugdunum

1264 2578 1487 2623 colloquitur,
1498 2586 1531 2611 et
1542 2578 1739 2613 sarracenis
1752 2580 1796 2613 ad
1809 2592 1900 2613 mar-

1264 2624 1363 2657 cham
1377 2624 1497 2658 venire
1510 2627 1722 2666 nolentibus,
1736 2628 1771 2661 in
1788 2627 1899 2673 Aqui-

1262 2671 1390 2704 taniam
1407 2670 1510 2713 redit,
1529 2672 1609 2715 394.
1623 2693 1666 2698 --
1685 2673 1840 2719 Epistola
1856 2673 1900 2707 ad

1262 2729 1360 2759 eum,
1391 2726 1429 2752 ut
1459 2717 1622 2761 videtur,
1651 2719 1807 2763 directa,
1835 2721 1897 2762 11,

1266 2765 1342 2798 153.

1217 2811 1298 2843 Pisae
1315 2811 1442 2858 (Pise),
1462 2812 1500 2854 I,
1521 2812 1599 2846 250.
