2105 3348
567 311 646 350 364
866 305 1110 345 HISTORIA
1141 303 1562 350 TRANSLATIONIS‚
1592 317 1673 341 Ere.

628 389 707 433 91.
745 384 1022 448 Gregorius,
1057 383 1284 429 Romanae
1310 381 1441 428 urbis
1463 382 1732 446 episcopus,
1763 384 1840 447 qui
1873 384 1976 430 Eu-

562 465 703 529 genio
724 461 961 526 simulque
979 460 1237 508 Valentino
1262 461 1310 506 In
1332 458 1636 523 pontificatus
1660 458 1843 507 honore
1865 479 1975 508 suc-

562 541 720 596 cessit,
761 557 871 586 cum
905 537 1101 584 titulum
1143 539 1191 584 S.
1229 538 1376 584 Marci
1420 536 1744 601 evangelistae,
1799 537 1849 583 in
1880 555 1976 602 quo

560 615 810 681 presbyter
826 614 983 662 fuerat
997 650 1010 671 ,
1036 614 1285 678 ampliare,
1306 623 1353 661 et
1374 613 1423 659 in
1443 630 1499 660 eo
1517 612 1861 659 monasterium
1879 613 1979 660 vel-

560 695 626 741 let
645 703 893 750 extruere,
914 692 1135 758 quaesivit
1157 710 1243 756 per
1266 691 1539 739 coemeteria
1566 701 1614 737 et
1637 691 1850 738 ecclesias
1872 691 1980 737 lon—

559 773 661 837 gius
685 770 743 817 ab
765 770 886 819 urbe
911 771 1194 818 constitutas
1210 808 1222 830 ‚
1249 768 1400 816 sicubi
1421 779 1697 816 sanctorum
1716 779 1976 832 martyrum

559 867 762 914 corpora
800 859 958 912 posset
999 847 1215 894 invenire
1245 867 1255 893 ε
1293 848 1580 912 inventaque
1624 845 1798 901 titulo,
1837 863 1979 910 quem

559 944 703 991 opere
747 926 1003 990 magnifico
1048 934 1349 979 extruxerat,
1397 925 1579 971 curavit
1626 923 1820 970 inferre.
1862 923 1980 968 Casu

560 1005 706 1070 igitur
740 1004 920 1050 factum
956 1013 1053 1059 est,
1086 1013 1141 1048 ut
1174 1019 1231 1049 eo
1264 1012 1510 1066 tempore,
1546 1017 1644 1066 quo
1676 998 1981 1064 sepulchrum

558 1080 816 1127 beatissimi
854 1080 1086 1127 Hermetis
1114 1090 1215 1126 erat
1245 1089 1523 1143 aperturus,
1562 1088 1609 1125 et
1636 1095 1821 1124 sacrum
1857 1077 1980 1123 illius

559 1177 732 1223 corpus
763 1158 872 1204 inde
899 1157 1055 1204 fuerat
1084 1155 1384 1213 sublaturus,
1420 1173 1545 1202 unus
1574 1173 1630 1202 ex
1663 1155 1863 1211 nostris,
1896 1154 1978 1218 qui

558 1236 725 1284 eodem
744 1252 872 1282 anno
892 1233 1190 1300 supplicandi
1217 1235 1367 1299 gratia
1382 1270 1395 1291 ,
1419 1244 1473 1280 ut
1489 1234 1638 1281 moris
1657 1244 1727 1280 est
1745 1233 1982 1297 poeniten-

561 1312 687 1359 tibus
702 1347 714 1368 ,
737 1313 941 1358 Romam
959 1320 1153 1357 venerat
1167 1346 1179 1367 ,
1203 1320 1502 1375 congregatae
1522 1309 1578 1356 ad
1596 1308 1837 1355 basilicam
1857 1312 1980 1354 Mar-

561 1389 677 1454 tyris
697 1387 998 1435 multitudini
1021 1404 1130 1433 cum
1149 1387 1333 1434 caeteris
1353 1386 1619 1451 peregrinis
1641 1386 1904 1432 interesset.
1939 1386 1981 1431 Is

558 1467 783 1532 negotio,
823 1465 953 1531 quod
990 1464 1237 1530 agebatur,
1279 1463 1533 1529 diligenter
1571 1463 1811 1528 inspecto,
1851 1480 1982 1526 spem

556 1542 966 1608 adipiscendarum
984 1542 1235 1589 memorati
1262 1541 1488 1606 Martyris
1507 1541 1843 1605 reliquiarum,
1871 1540 1981 1586 licet

558 1620 700 1667 corde
740 1619 971 1683 simplici,
1014 1636 1114 1665 non
1147 1629 1306 1666 tamen
1337 1620 1438 1666 sine
1477 1636 1610 1665 causa
1645 1619 1897 1682 concepit,
1935 1628 1982 1665 et

558 1697 857 1745 Deusdonam
886 1697 1163 1753 diaconum,
1188 1698 1320 1762 cujus
1348 1697 1395 1743 in
1422 1697 1580 1760 primo
1609 1695 1736 1744 libro
1765 1696 1981 1743 crebram

557 1775 754 1823 fecimus
785 1775 1083 1822 mentionem
1113 1775 1298 1831 adiens,
1335 1774 1513 1822 obnixe
1539 1776 1725 1839 rogavit
1750 1785 1799 1821 ut
1825 1793 1882 1822 ex
1909 1774 1980 1821 his

558 1853 1057 1918 quantulumcumque
1083 1871 1105 1898 a
1134 1851 1409 1899 custodibus
1436 1852 1527 1899 loci
1557 1853 1817 1916 acciperet,
1840 1852 1980 1899 mihi-

558 1948 651 1994 que
678 1929 990 1977 deferendum
1018 1929 1106 1976 sibi
1138 1939 1404 1993 praestaret.
1434 1928 1524 1990 Qui
1556 1928 1808 1976 confestim
1829 1929 1980 1992 preci-

561 2007 648 2054 bus
671 2010 769 2072 ejus
798 2025 1041 2064 annuens,
1072 2007 1119 2054 id
1151 2024 1198 2054 se
1229 2007 1328 2054 sine
1354 2024 1487 2054 mora
1514 2005 1752 2053 facturum
1780 2006 1980 2070 pollice-

565 2097 670 2142 tur3
714 2086 920 2149 datoque
957 2083 1232 2132 custodibus
1273 2084 1458 2149 pretio,
1500 2100 1599 2130 non
1640 2084 1793 2131 solum
1831 2084 1979 2130 sancti

562 2164 820 2219 Hermefis,
852 2162 932 2210 sed
958 2163 1100 2210 etiam
1128 2173 1403 2209 sanctorum
1435 2162 1568 2209 Proti
1603 2172 1744 2226 atquc
1776 2162 1981 2226 Hyacin-

566 2239 631 2286 thi
648 2276 661 2297 ‚
690 2257 901 2305 quorum
924 2241 973 2286 in
1001 2238 1159 2286 eadem
1185 2239 1374 2285 basilica
1400 2256 1602 2302 corpora
1633 2249 1769 2284 erant
1799 2239 1946 2301 posita
1965 2273 1977 2294 ,

564 2315 787 2380 reliquias
814 2315 1011 2378 accepit.
1036 2317 1098 2361 Et
1123 2315 1223 2360 illas
1242 2314 1436 2379 quidem
1457 2331 1543 2377 per
1560 2313 1814 2379 quemdam
1836 2314 1980 2360 fami-

565 2394 725 2440 liarem
747 2411 908 2449 suum,
936 2392 1008 2438 cui
1032 2391 1294 2440 Sabbatino
1312 2409 1579 2457 cognomen
1599 2402 1723 2447 erat,
1741 2392 1978 2457 simulque

562 2481 609 2518 et
639 2480 896 2527 nostrum,
916 2470 996 2535 qui
1029 2469 1068 2516 ei
1100 2481 1154 2515 ut
1179 2468 1269 2516 hoc
1300 2469 1473 2517 faceret
1502 2470 1759 2533 persuasit,
1787 2470 1979 2517 mittere

562 2549 745 2597 curavit
769 2569 778 2595 :
805 2548 935 2613 quod
961 2558 1119 2595 autem
1144 2547 1201 2595 de
1231 2565 1432 2613 corpore
1460 2548 1584 2595 beati
1621 2549 1855 2596 Hermetis
1886 2566 1979 2612 po·-

563 2628 656 2675 tuit
687 2627 904 2692 adipisci,
941 2627 1037 2690 ipse
1068 2625 1124 2672 ad
1155 2643 1242 2674 nos
1276 2628 1467 2674 veniens
1487 2663 1498 2682 ‚
1534 2644 1622 2691 pro
1655 2627 1833 2690 ingenti
1868 2644 1978 2673 mu-

564 2724 705 2765 nere,
737 2705 924 2751 detulit.
964 2705 1083 2751 Cum
1124 2717 1279 2751 autem
1329 2705 1386 2752 (le
1428 2705 1634 2751 adventu
1665 2704 1976 2768 reliquiarum

564 2784 994 2835 sanct01·1un>Proti
1022 2795 1067 2831 et
1090 2783 1344 2848 Hyacinthi
1373 2783 1511 2830 nobis
1542 2793 1661 2830 esset
1689 2781 1971 2837 indicatum,
