2105 3348
611 260 683 295 192
920 247 1162 288 HISTORIA
1193 243 1445 282 TRANSLA]
1460 240 1619 288 IOMS,
1651 255 1737 279 ETc.

609 335 806 383 sindone
821 330 1089 376 involutum
1100 327 1301 372 diacono
1316 322 1566 370 ferendum
1584 330 1723 386 atque
1742 321 2020 367 servandum

611 412 820 459 tradunt.
859 408 925 452 Ac
952 423 1011 452 ne
1038 404 1130 450 ulla
1163 401 1334 449 sublati
1363 399 1578 464 corporis
1607 398 1777 444 indicia
1810 417 2026 446 remane-

610 499 746 540 rent,
787 482 989 547 lapidem
1030 481 1139 528 loco
1177 496 1263 526 suo
1306 485 1622 541 reponentes,
1670 475 1719 520 in
1758 474 1928 522 urbem
1970 476 2027 521 ad

610 562 809 627 hospitia
841 578 920 607 sua
944 567 1270 605 revertuntur.
1294 556 1531 603 Diaconus
1550 563 1708 599 autem
1728 570 1901 616 corpus
1921 552 2030 600 bea-

609 640 772 688 tissimi
802 636 1048 701 Martyris,
1075 634 1206 699 quod
1230 642 1490 698 acceperat,
1531 633 1666 694 juxta
1697 629 1938 676 basilicam
1969 630 2023 675 B.

611 718 735 765 Petri
765 714 992 779 apostoli,
1025 730 1131 777 quae
1164 722 1360 759 vocatur
1384 709 1455 756 Ad
1480 707 1711 763 Vincula,
1741 705 1823 752 ubi
1852 718 1899 753 et
1932 709 2029 771 ipse

611 796 808 842 domum
833 791 1062 847 habebat,
1086 808 1133 836 se
1159 806 1343 836 servare
1375 788 1494 834 velle
1515 805 1566 832 ac
1598 803 1734 851 posse
1765 785 1997 831 affirmans
2013 821 2026 841 ,

612 875 748 920 fratri
769 890 855 920 suo
888 871 1083 917 nomine
1102 869 1334 916 Lunisoni
1366 866 1424 913 ad
1447 864 1812 912 custodiendum
1833 865 2030 911 commi-

613 953 704 1008 sit;
736 949 1087 1012 arbitratusque
1115 947 1304 994 notario
1332 961 1438 991 mco
1466 944 1556 990 hoc
1581 941 1870 988 satisfactum
1908 958 2027 998 esse,

618 1029 764 1093 coepit
784 1027 918 1073 illum
935 1024 1117 1072 hortari
1136 1034 1206 1080 ut,
1235 1033 1428 1087 accepto
1453 1037 1654 1084 corpore
1675 1019 1800 1066 beati
1826 1020 2031 1066 Marcel-

618 1108 733 1162 lini,
762 1103 940 1152 rediret
959 1103 1005 1147 in
1033 1101 1250 1165 patriam.

679 1417 725 1462 9.
764 1415 854 1462 Sed
888 1415 965 1461 ille
990 1414 1131 1478 longe
1155 1411 1284 1458 aliud
1307 1409 1626 1458 meditabatur
1660 1429 1712 1458 ac
1747 1423 1908 1459 mente.
1936 1411 2034 1458 vol-

616 1492 771 1541 vebat.
795 1493 917 1540 Nam
933 1527 947 1550 ‚
967 1501 1017 1537 ut
1036 1489 1153 1537 mihi
1177 1500 1338 1553 postea
1365 1488 1560 1548 retulit,
1580 1488 1832 1536 videbatur
1859 1489 1926 1535 illi
1951 1506 2036 1536 ne-

618 1589 856 1637 quaquam
872 1569 960 1616 sibi
987 1569 1130 1615 licere
1146 1584 1254 1614 cum
1275 1566 1378 1614 solo
1399 1565 1523 1613 beati
1540 1566 1806 1614 Marcellini
1829 1583 2032 1631 corpore

620 1651 666 1695 in
699 1648 902 1712 patriam
930 1645 1139 1711 regredi3
1164 1644 1297 1709 quasi
1318 1643 1446 1690 nefas
1465 1654 1600 1702 esset,
1631 1656 1684 1691 ut
1704 1663 1877 1710 corpus
1907 1644 2033 1691 beati

618 1727 746 1774 Petri
771 1725 1023 1789 martyriS‚
1046 1723 1131 1788 qui
1152 1723 1191 1769 ei
1217 1722 1369 1769 socius
1387 1722 1435 1767 in
1452 1723 1668 1786 passione
1692 1722 1863 1780 fuerat,
1884 1733 1931 1770 et
1951 1740 2037 1787 per

618 1804 908 1869 quingentos
929 1812 975 1848 et
990 1818 1045 1848 eo
1060 1800 1261 1863 amplius
1277 1816 1427 1846 annos
1447 1799 1496 1845 in
1513 1800 1680 1847 eodem
1705 1801 1926 1865 sepulcro
1945 1819 2035 1848 una

620 1899 729 1927 cum
755 1880 838 1927 illo
865 1879 1182 1944 requieverat,
1211 1878 1295 1924 illo
1326 1876 1436 1924 inde
1462 1887 1755 1936 transeunte,
1779 1879 1844 1926 ibi
1876 1897 2036 1927 rema—

617 1967 771 2005 neret.
802 1956 959 2021 Atque
985 1955 1069 2002 hac
1105 1955 1394 2020 cogitatione
1425 1966 1585 2003 mente
1617 1967 1871 2021 concepta,
1906 1967 2037 2004 tanta

619 2035 765 2081 animi
790 2035 861 2080 sui
889 2034 1208 2097 parturitione
1231 2033 1373 2079 simul
1392 2050 1445 2078 ac
1465 2033 1830 2098 perturbatione
1849 2035 2039 2084 labora-

621 2112 781 2168 rabat‚
818 2123 872 2157 ut
895 2103 1172 2158 nec'cibum
1197 2128 1387 2175 capere,
1422 2129 1510 2158 nec
1542 2130 1713 2161 somno
1743 2114 2039 2178 acquiescere

621 2190 757 2237 dulce
777 2188 866 2235 sibi
889 2189 1133 2237 videretur
1155 2200 1297 2255 atque
1321 2190 1615 2255 jucundum,
1644 2192 1733 2237 nisi
1766 2192 2038 2258 Martyrum

624 2285 851 2331 corpora,
889 2268 1011 2313 sicut
1041 2267 1090 2313 in
1121 2268 1335 2330 passione
1370 2285 1422 2313 ac
1447 2279 1764 2316 monumento
1784 2272 2038 2334 conjuncta

625 2344 832 2401 fuerant,
854 2344 919 2389 sic
938 2343 1080 2389 etiam
1100 2361 1295 2409 peregre
1313 2344 1587 2409 profectura
1599 2347 1935 2411 jungerentur.
1949 2346 2039 2393 Sed

625 2421 682 2468 de
712 2419 803 2468 hoc
836 2420 1040 2484 qualiter
1074 2420 1176 2468 fieri
1202 2432 1384 2485 posset,
1406 2421 1712 2470 vehementer
1734 2423 2002 2488 ambigebat
2024 2444 2034 2469 ε

626 2509 825 2546 noverat
839 2498 968 2544 enim
986 2497 1224 2545 neminem
1243 2517 1266 2545 a
1287 2517 1333 2547 se
1351 2501 1625 2547 Romanum
1651 2502 1857 2548 inveniri
1876 2518 2037 2566 posse,

626 2579 706 2643 qui
732 2576 821 2624 sibi
854 2575 911 2622 ad
935 2575 1025 2624 hoc
1051 2576 1201 2623 ullum
1225 2576 1373 2626 ferret
1404 2579 1662 2638 auxilium,
1690 2580 1769 2627 sed
1803 2598 1863 2628 ne
1897 2580 2038 2626 talem

625 2655 846 2720 quidem,
866 2653 941 2699 cui
962 2651 1063 2699 haec
1082 2653 1228 2699 animi
1252 2656 1322 2701 sui
1347 2668 1523 2703 secreta
1546 2656 1739 2704 auderet
1768 2656 2034 2704 ostendere.

625 2734 677 2777 ln
703 2731 785 2778 hac
808 2729 963 2778 cordis
986 2731 1220 2778 anxietate
1240 2735 1528 2781 constitutus
1544 2770 1556 2791 ,
1578 2736 1758 2799 reperit
1785 2734 2037 2800 quemdam
