2105 3348
624 300 700 336 ‘232
918 294 1155 332 HISTORIA
1187 291 1603 338 TRANSLATIONIS,
1636 307 1715 330 Ere.

623 375 848 435 altarique
873 370 1175 434 superpositis
1193 405 1204 424 ,
1227 386 1300 414 me
1326 380 1378 414 ut
1403 386 1475 415 eas
1494 369 1774 431 susciperem
1805 368 1915 415 fecit
1940 386 2019 414 ac-

623 452 720 496 ciri.
756 450 880 494 Tum
918 465 1124 510 capsam,
1163 447 1207 492 in
1245 464 1335 510 qua
1372 445 1583 510 reliquiae
1621 445 2014 501 continebantur,

621 527 854 590 aperienS,
877 524 1082 571 ostendit
1102 522 1214 568 mihi
1236 533 1287 567 ut
1308 521 1508 569 viderem
1531 520 1645 585 quid
1662 532 1801 577 esset,
1828 522 1953 585 quod
1975 533 2020 567 rt

623 603 699 649 ille
716 602 955 657 redderet,
978 611 1023 647 et
1042 600 1169 665 quod
1190 618 1275 664 ego
1297 601 1570 663 reciperem.

682 683 761 727 27.
799 679 919 725 Exin
953 677 1183 724 sublatam
1204 677 1261 725 de
1292 678 1424 723 altari
1471 677 1679 723 eamdem
1708 693 1889 739 capsam
1922 693 2021 721 ma-

622 757 760 804 nibus
797 757 911 803 meis
941 756 1192 819 imposuit,
1229 755 1427 819 dataque
1460 754 1675 801 oratione
1700 754 2017 816 competenti,

619 834 927 899 praecentoris
960 834 1101 879 etiam
1125 832 1279 879 officio
1303 832 1494 878 functus
1510 867 1521 887 ,
1548 830 1860 892 antiphonam
1894 828 2018 874 laudi

619 913 886 976 Martyrum
913 909 1272 957 convenientem
1296 908 1475 955 clericis
1497 909 1552 953 ad
1574 906 1865 970 psallendum
1884 923 2022 969 para-

621 989 679 1034 tis
708 987 957 1051 imposuit;
989 1003 1167 1049 nosque
1199 1003 1305 1031 cum
1342 985 1422 1031 illo
1453 983 1769 1031 inaestimabili
1806 983 2023 1029 thesauro

621 1063 911 1116 recedentes,
934 1079 1080 1126 usque
1097 1060 1149 1106 ad
1172 1061 1346 1107 ostium
1371 1059 1570 1106 basilicae
1597 1057 1892 1106 concinendo
1914 1075 2023 1122 pro-

622 1150 805 1187 secutus
832 1149 916 1185 est.
940 1138 1252 1184 Processimus
1279 1136 1387 1183 inde
1413 1137 1637 1200 paulatim
1667 1153 1774 1181 cum
1806 1133 2024 1180 crucibus

622 1228 667 1263 ct
691 1217 856 1272 cereis,
884 1215 1121 1261 laudantes
1145 1214 1335 1261 Domini
1366 1212 1760 1268 misericordiam,
1797 1229 1942 1276 usque
1969 1212 2024 1257 ad

620 1294 900 1348 oratorium,
928 1290 1056 1357 quod
1082 1302 1179 1338 erat
1203 1292 1249 1337 in
1276 1291 1421 1338 domo
1443 1301 1627 1346 nostra,
1655 1290 1735 1335 vili
1755 1307 1896 1353 opere
1915 1306 2025 1335 con-

619 1381 876 1426 structum;
912 1371 1073 1434 eique,
1109 1370 1217 1433 quia
1241 1368 1366 1414 aliud
1391 1368 1453 1414 ibi
1487 1386 1584 1415 non
1610 1366 1897 1423 habebatur,
1925 1366 2024 1412 illas

621 1467 767 1496 sacras
804 1447 1023 1511 reliquias
1062 1446 1327 1493 intulimus.
1371 1448 1424 1491 In
1467 1445 1543 1491 illa
1580 1462 1691 1491 vero
1728 1444 2025 1508 processione

621 1536 804 1581 nostra,
831 1541 972 1588 quam
992 1523 1048 1569 de
1071 1522 1258 1568 basilica
1282 1539 1430 1586 usque
1447 1521 1504 1567 ad
1522 1522 1785 1568 oratorium
1808 1532 2025 1569 nostrum

623 1622 710 1652 nos
735 1602 896 1649 fecisse
928 1600 1051 1657 dixi,
1083 1601 1195 1665 quid
1218 1599 1432 1645 miraculi
1458 1599 1703 1654 acciderit,
1731 1616 1896 1644 censeo
1927 1615 2024 1644 non

622 1697 716 1728 esse
739 1678 999 1725 tacendum.
1025 1675 1388 1740 Egredientibus
1413 1676 1540 1722 enim
1564 1674 1702 1722 nobis
1728 1674 1784 1720 de
1807 1674 2021 1730 ecclesia,

621 1757 898 1820 laudemque
924 1755 1132 1801 Domino
1151 1755 1249 1801 Deo
1281 1764 1443 1802 nostro
1471 1754 1643 1800 excelsa
1675 1770 1788 1798 voce
1810 1752 2027 1798 canenti-

623 1834 734 1890 bus,
756 1843 883 1878 tanta
894 1833 961 1877 vis
977 1831 1232 1877 suavissimi
1247 1830 1405 1877 odoris
1418 1848 1517 1877 eam
1529 1839 1710 1893 partem
1728 1829 1817 1874 vici
1834 1829 2026 1892 Aquen—

624 1911 705 1966 sis,
747 1925 856 1972 quae
892 1907 948 1953 ab
982 1907 1170 1953 ecclesia
1204 1907 1257 1953 ad
1292 1907 1584 1953 occidentem
1620 1905 1833 1969 respicit,
1877 1914 2026 1951 totam

624 1986 864 2050 implevit,
888 1997 942 2030 ut
967 1984 1040 2030 illa
1070 1985 1295 2049 fragantia
1323 2001 1440 2047 pene
1464 2001 1627 2029 omnes
1653 1981 1856 2045 ejusdem
1881 1982 2025 2044 partis

624 2062 931 2118 habitatores,
978 2063 1184 2126 itemque
1220 2062 1457 2117 universi,
1497 2060 1578 2124 qui
1616 2076 1702 2123 pro
1734 2056 2025 2123 quibuslibet

624 2139 768 2185 causis
781 2149 920 2202 atque
944 2138 1143 2201 negotiis
1158 2138 1318 2185 eadem
1338 2139 1386 2184 in
1401 2147 1534 2201 parte
1548 2136 1735 2182 fuerant
1757 2135 2023 2192 constituti,

626 2217 687 2261 ita
709 2215 934 2261 divinitus
958 2226 1397 2270 commoverentur,
1426 2225 1479 2260 ut
1501 2213 1698 2269 omissis,
1720 2229 1826 2277 quae
1852 2212 1899 2257 in
1921 2228 2024 2256 ma-

625 2291 764 2338 nibus
785 2291 1081 2338 habebantur
1101 2291 1345 2354 operibus,
1381 2291 1539 2337 cuncti
1563 2307 1702 2336 cursu
1731 2287 2024 2351 rapidissimo

628 2369 782 2432 primo
815 2368 870 2414 ad
900 2368 1164 2425 ecclesiam,
1204 2368 1371 2415 deinde
1407 2368 1536 2432 quasi
1573 2384 1657 2430 per
1689 2365 1934 2429 vestigium
1970 2364 2025 2409 ad

625 2446 886 2503 oratorium
910 2455 1122 2492 nostrum
1140 2481 1152 2501 ,
1183 2447 1230 2491 in
1251 2445 1380 2510 quod
1405 2445 1505 2491 illas
1529 2444 1747 2507 reliquias
1768 2442 1914 2487 illatas
1932 2458 2025 2487 essc

624 2523 893 2577 audierant,
947 2539 1244 2586 summopere
1288 2523 1584 2570 festinarent.
1629 2521 1703 2567 Fit
1748 2518 2023 2566 immodicus

623 2603 743 2646 intra
772 2609 896 2663 septa
929 2610 1087 2645 nostra
1118 2599 1369 2646 exultantis
1402 2600 1541 2646 simul
1578 2610 1716 2662 atque
1751 2596 2024 2642 admirantis

619 2675 783 2739 populi
823 2692 1103 2729 concursus;
1147 2685 1192 2721 et
1224 2693 1329 2721 cum
1379 2693 1543 2740 magna
1579 2691 1681 2738 pars
1712 2689 1900 2727 eorum,
1941 2671 2020 2735 qui

618 2752 969 2815 confluxerant,
1005 2752 1047 2797 id
1070 2753 1198 2816 quod
1224 2754 1444 2813 agebatur
1463 2752 1578 2817 quid
1603 2761 1717 2798 esset
1748 2751 1977 2813 ignoraret
2005 2784 2015 2802 ,
