2105 3348
590 260 666 296 -253
884 248 1126 288 HlS'l'ORlA
1157 245 1579 292 TRANSLA'HONis,
1613 260 1694 284 mc.

591 353 676 400 ego
694 336 789 398 ipse
810 347 906 377 non
925 328 1035 384 vidi,
1060 327 1138 373 sed
1156 325 1310 373 verbis
1334 342 1520 381 eorum,
1540 343 1748 389 quorum
1768 325 1856 373 hoc
1881 327 2001 372 rela-

594 415 721 459 tione
744 407 860 454 mihi
885 414 1186 468 compertum
1210 413 1278 450 est
1295 439 1306 459 ,
1331 419 1429 449 non
1453 402 1611 447 minus
1630 419 1773 466 quam
1797 403 2002 466 propriis

589 488 737 535 oeulis
766 484 956 532 credere
979 499 1172 546 possum
1191 501 1203 538 ;
1230 481 1430 545 ideoque
1456 497 1554 525 non
1581 489 1635 524 ut
1658 479 1872 525 auditum
1891 515 1903 535 ‚
1926 481 2004 527 sed

589 567 745 631 potius
769 574 823 610 ut
853 582 876 609 a
904 579 978 608 me
1012 562 1112 625 ipso
1135 562 1288 606 visum
1306 595 1318 615 ‚
1349 560 1685 605 incunctanter
1710 575 1762 603 ac
1786 557 1885 604 sine
1912 558 2004 603 ulla

587 642 886 690 dubitatione
907 639 1125 704 proferre
1151 638 1355 685 decrevi.

651 722 937 768 Mercatores
977 717 1170 782 quidam
1218 716 1276 762 de
1310 715 1501 761 civitate
1546 713 1849 777 Moguntiaca
1868 749 1880 770 ,
1925 715 2003 778 qui

587 799 887 845 frumentum
911 798 959 842 in
975 791 1581 858 superioribusGermaniae
1598 788 1813 854 partibus
1832 808 2005 848 emere,

589 894 641 922 ac
658 893 743 940 per
772 874 970 920 fluvium
991 873 1213 918 Moenum
1238 870 1293 916 ad
1319 868 1489 915 urbem
1510 867 1739 915 devehere
1757 867 1975 915 solebant
1994 904 2007 926 ,

590 969 769 999 caecum
787 950 1042 1016 quemdam
1065 948 1260 994 natione
1280 946 1574 1010 Aquitanum
1591 980 1602 1000 ‚
1627 945 1823 991 nomine
1842 943 2010 991 Albri-

590 1048 730 1086 cum,
761 1027 991 1076 mercedis
1030 1045 1054 1073 a
1091 1027 1188 1072 Deo
1220 1023 1552 1088 promerendae
1579 1024 1727 1087 gratia
1768 1023 1875 1069 navi
1914 1041 2010 1069 suae

591 1107 893 1171 impositum,
923 1106 1043 1150 sieut
1074 1105 1170 1167 ipse
1199 1102 1458 1166 petiverat,
1495 1100 1552 1146 ad
1582 1099 1821 1146 basilicam
1848 1099 2014 1146 beato-

590 1204 700 1232 rum
729 1186 1000 1249 Martyrum
1035 1183 1352 1229 deduxerunt.
1391 1179 1481 1239 Qui
1518 1197 1628 1225 cum
1672 1179 1736 1225 ibi
1769 1196 2008 1243 egressus,

592 1274 733 1327 atque
764 1262 810 1308 in
835 1261 980 1308 domo
1006 1258 1212 1306 custodis
1244 1257 1452 1304 ecelesiae
1480 1267 1598 1303 esset
1623 1256 1832 1320 hospitio
1853 1274 2013 1320 recep-

593 1352 697 1397 tus,
734 1350 913 1403 septem
944 1338 1017 1384 vel
1048 1355 1102 1384 eo
1127 1336 1329 1400 amplius
1360 1335 1456 1381 dies
1485 1334 1663 1382 ibidem
1681 1345 1895 1383 moratus
1926 1345 2011 1382 est.

594 1417 809 1465 Habebat
832 1417 961 1464 enim
986 1427 1162 1479 praeter
1192 1414 1456 1461 eaecitatem
1479 1441 1541 1448 —·
1565 1430 1672 1478 quae
1695 1415 1734 1459 ei
1763 1424 2014 1477 propterea

595 1497 727 1564 quod
751 1496 900 1543 oculis
935 1494 1148 1549 carebat,
1176 1492 1404 1539 naturalis
1427 1493 1527 1556 jam
1554 1509 1650 1538 esse
1681 1491 1931 1538 videbatur
1955 1520 2017 1527 --

597 1572 881 1622 horribilem
911 1588 964 1617 ac
999 1570 1179 1617 foedam
1219 1569 1365 1615 totius
1406 1569 1622 1633 corporis
1666 1567 2013 1615 infirmitatem.

597 1652 715 1698 Erat
739 1651 868 1698 enim
895 1649 1114 1696 omnium
1139 1646 1471 1694 membrorum
1500 1647 1666 1710 ingens
1699 1657 1907 1702 tremor,
1934 1647 2015 1711 qui

599 1727 817 1776 eumdem
838 1738 932 1773 tam
951 1726 1079 1790 gravi
1101 1723 1345 1789 quatiebat
1372 1723 1680 1770 incommodo
1696 1759 1709 1780 ‚
1735 1735 1785 1770 ut
1811 1723 2019 1788 propriis

600 1805 820 1853 manibus
844 1804 1004 1851 cibum
1025 1804 1098 1851 ori
1124 1820 1209 1850 suo
1225 1803 1471 1866 porrigere
1490 1802 1681 1866 penitus
1700 1819 1801 1849 non
1822 1803 2017 1849 valeret.

601 1886 643 1930 Is
667 1901 777 1929 cum
800 1882 875 1928 die
902 1880 1129 1945 quadam,
1164 1878 1292 1926 horis
1323 1878 1707 1925 antemeridianis
1738 1881 1786 1925 in
1813 1878 2021 1943 hospitio

596 1966 778 2026 jacens,
801 1959 1119 2007 obdormisset
1134 1994 1146 2013 ‚
1164 1958 1284 2003 vidit
1307 1976 1393 2021 per
1417 1974 1639 2021 soporem
1659 1956 1911 2021 quemdam
1933 1957 2020 2003 sibi

602 2040 896 2086 assistentem
911 2074 924 2094 ,
955 2054 1097 2101 seque
1123 2047 1402 2083 monentem
1423 2047 1477 2081 ut
1501 2036 1599 2082 cito
1622 2048 1859 2101 surgeret,
1883 2048 2023 2102 atque

603 2117 662 2163 ad
682 2116 923 2163 eeclesiam
946 2114 1217 2170 festinaret3
1246 2124 1432 2176 tempus
1450 2112 1613 2159 dicens
1635 2113 1899 2170 advenisse,
1926 2131 2024 2178 quo

605 2195 661 2241 de
687 2194 764 2240 illa
788 2192 1041 2240 miserabili
1059 2192 1273 2256 passione
1292 2209 1377 2255 per
1393 2192 1622 2238 virtutem
1647 2192 1932 2238 Sanctorum
1958 2193 2023 2239 li-

605 2272 762 2319 berari
799 2269 1010 2317 deberet.
1054 2268 1421 2333 Expergefactus
1437 2303 1448 2322 ,
1500 2279 1642 2332 atque
1685 2268 1742 2315 ad
1783 2269 2025 2317 ecelesiam

607 2350 799 2405 ductus,
828 2364 918 2412 pro
942 2345 1128 2394 foribus
1154 2347 1203 2392 in
1225 2347 1433 2411 quodam
1457 2347 1610 2410 lapide
1637 2348 1868 2395 consedit.
1897 2349 2024 2413 Age-

608 2427 751 2474 batur
781 2436 895 2483 tunc
922 2426 971 2470 in
997 2425 1214 2482 ecclesia,
1254 2442 1390 2472 more
1416 2426 1648 2483 solemni,
1684 2427 1903 2474 divinum
1927 2428 2025 2475 offi-

610 2507 737 2554 cium
756 2541 770 2562 ,
797 2514 844 2551 et
865 2503 1063 2567 expletis
1087 2502 1386 2551 orationibus
1401 2540 1413 2561 ,
1443 2522 1551 2569 quae
1572 2523 1751 2552 sacram
1783 2507 2023 2572 Evangelii

610 2583 866 2631 lectionem
897 2578 1163 2644 praecedere
1189 2580 1370 2636 solent,
1401 2581 1555 2644 ipsum
1579 2582 1669 2646 legi
1695 2593 1912 2647 coeptum
1936 2594 2020 2631 est.

611 2661 754 2723 Cujus
776 2675 886 2704 cum
904 2658 980 2703 vix
1000 2657 1096 2704 duo
1122 2675 1281 2704 versus
1303 2658 1505 2706 fuissent
1528 2659 1728 2724 legendo
1760 2660 1983 2725 completi
2011 2697 2022 2718 ‚

613 2754 720 2785 ecce
735 2744 931 2799 repente
944 2770 955 2791 ,
983 2734 1111 2782 velut
1130 2735 1227 2781 vim
1243 2736 1427 2800 patiens
1441 2772 1455 2795 ‚
1482 2737 1768 2785 tremulosus
1787 2738 1864 2786 ille
1890 2738 2024 2784 voci-
