2105 3348
585 282 660 320 308
882 271 1123 310 HISTORIA
1153 266 1574 311 TRANSLATIONIS‚
1604 278 1684 303 mc.

589 358 761 406 ibidem
783 366 895 400 tunc
917 367 1118 405 eramus,
1142 349 1240 394 Deo
1264 347 1470 401 volente,
1496 345 1828 409 cognovimu53
1851 355 1992 409 atque

586 435 689 481 ideo
721 428 1000 477 fiducialiter
1032 423 1314 478 scribimus,
1352 421 1482 487 quod
1519 438 1606 467 nos
1645 421 1849 484 contigit
1880 438 1995 467 ocu-

584 514 671 558 lata
691 545 704 567 ‚
732 518 785 552 ut
811 505 1002 560 dicunt,
1039 502 1128 548 fide
1152 516 1453 565 cognoscere.
1482 498 1660 545 Verum
1688 497 1796 561 quia
1827 507 1994 542 cuncta

582 605 687 653 quae
729 586 786 631 de
819 585 1088 647 Martyrum
1123 577 1381 625 virtutibus
1420 575 1666 623 scribenda
1708 574 1995 638 suscepimus

583 680 879 729 nequaquam
903 670 1103 725 possunt
1141 656 1362 722 praesenti
1390 670 1609 701 sermone
1633 652 1890 716 compleri,
1920 651 1996 697 hic

583 743 704 790 liber
736 742 820 787 iste
858 739 1001 786 finem
1033 736 1253 801 accipiat,
1293 743 1347 779 nt
1381 751 1438 780 ea·
1462 749 1569 796 quae
1599 739 1778 778 restant
1814 728 1872 775 ab
1906 728 1997 774 alio

580 838 740 867 rursus
767 817 964 865 exordio
991 813 1286 863 commodius
1310 811 1616 858 inchoentur.

1158 1599 1325 1637 CAPUT
1358 1598 1427 1637 VI.

590 1750 776 1788 Miracula
791 1750 829 1786 in
847 1748 984 1799 palatio
1002 1746 1240 1797 imperatoris
1255 1744 1303 1782 ad
1317 1744 1495 1795 reliquias
1512 1743 1647 1779 horum
1666 1751 1881 1780 sanctorum
1899 1742 2009 1780 facta.

817 1815 972 1852 Caecitas
987 1843 996 1857 ,
1016 1813 1239 1861 contractio,
1263 1811 1470 1863 paralysis,
1494 1808 1607 1846 febris
1626 1809 1785 1846 sublata.

659 1976 737 2022 60.
785 1973 876 2037 (a).
919 1973 973 2017 ln
1010 1971 1241 2017 relatione
1279 1970 1526 2034 signorum
1565 1980 1708 2034 atque
1747 1971 2011 2026 virtutum,

594 2071 707 2119 quas
731 2069 807 2098 me
836 2051 885 2096 in
910 2049 1002 2096 hoc
1028 2048 1156 2095 libro
1180 2046 1389 2094 seribere
1413 2047 1534 2094 velle
1558 2047 1815 2110 proposui,
1848 2046 1940 2093 illae
1966 2047 2016 2092 in

597 2135 748 2195 eapite
770 2127 1004 2193 ponendae
1031 2126 1272 2182 videntur,
1300 2143 1408 2190 quae
1444 2126 1494 2172 in
1526 2125 1701 2189 palatio
1726 2124 1887 2181 factae,
1916 2142 2015 2171 non

599 2209 752 2256 solum
778 2206 833 2252 ad
861 2204 1037 2269 plebis,
1064 2221 1232 2250 rerum
1263 2204 1406 2250 etiam
1437 2203 1494 2249 ad
1526 2203 1672 2267 ipsius
1703 2203 1933 2266 principis
1966 2221 2017 2249 ac

600 2300 854 2351 procerum
874 2283 998 2346 erS,
1026 2281 1368 2344 omniumque,
1390 2290 1444 2325 ut
1468 2279 1531 2325 ita
1550 2278 1727 2335 dicam,
1753 2279 2019 2326 aulicorum

601 2376 858 2427 pervenere
883 2357 1134 2412 notitiam3
1162 2367 1209 2403 et
1235 2373 1334 2402 non
1362 2366 1549 2401 tantum
1573 2365 1773 2419 propter
1800 2355 1912 2415 hoc,
1943 2357 2022 2404 sed

604 2438 745 2485 etiam
775 2444 973 2499 propter
1000 2431 1117 2478 illud
1134 2467 1147 2487 ,
1174 2430 1305 2496 quod
1343 2432 1391 2477 in
1417 2431 1682 2478 oratoriolo
1710 2442 1904 2489 nostro,
1936 2432 2021 2479 ubi

605 2515 763 2562 eadem
776 2511 1002 2559 miracula
1014 2520 1139 2574 gesta
1151 2519 1264 2555 sunt
1279 2508 1370 2573 (b),
1394 2527 1494 2557 non
1511 2509 1615 2556 aliae
1634 2520 1749 2556 tunc
1766 2511 2018 2574 temporis,

653 2723 704 2766 (a)
730 2721 800 2755 Hic
819 2718 948 2765 incipit
967 2717 1028 2751 lib.
1054 2729 1084 2750 iv
1104 2717 1141 2751 in
1158 2715 1246 2751 edit.
1270 2717 1432 2751 Sin-iana.

655 2782 706 2825 (b)
727 2778 815 2816 N'id.
838 2791 936 2825 supr.
957 2790 1059 2812 num.
1082 2788 1119 2810 21
1144 2783 1179 2810 et
1198 2787 1253 2809 27..
