2105 3348
579 273 627 311 ,Μ
1001 266 1253 305 emmam
1288 267 1554 308 EPlSToLAE.

582 352 696 398 tatio
722 350 793 413 (1)
820 363 979 393 rerum
996 381 1009 403 ,
1033 363 1139 410 quae
1159 363 1312 410 nuper
1336 347 1382 392 in
1405 346 1494 394 hoc
1513 363 1661 412 regno
1683 348 1800 395 facta
1823 359 1916 405 est,
1942 351 1988 395 in

581 439 767 474 tantum
791 442 877 471 nos
902 422 1207 471 conturbavit
1225 459 1238 481 ‚
1275 434 1328 469 ut
1360 424 1548 488 penitus
1585 425 1853 489 ignoremus
1876 427 1990 491 quid

578 521 713 569 agere
726 501 995 557 debeamus,
1010 501 1099 546 nisi
1117 511 1187 557 ut,
1203 501 1459 548 secundum
1475 500 1616 549 verba
1629 503 1867 567 Josaphat,
1886 521 1991 551 ocu-

577 582 647 627 los
666 589 855 628 nostros
872 578 930 624 ad
949 579 1211 626 Dominum
1227 578 1481 641 dirigamus
1497 580 1566 643 (2)
1581 597 1594 637 ;
1613 589 1682 635 et,
1700 581 1834 644 juxta
1850 581 1992 628 verba

578 657 791 705 Philonis
817 657 888 720 (3)
904 692 917 714 ‚
945 655 1230 720 imploretur
1252 657 1467 703 divinum
1484 693 1495 713 ‚
1522 657 1712 722 quando
1732 657 1992 704 humanum

580 744 725 782 cessat
768 733 1014 780 auxilium.
1051 735 1206 798 Ipsum
1246 745 1403 780 autem
1446 733 1645 781 latorem
1688 734 1993 798 praesentium

582 811 881 869 Eburonem,
909 811 1122 876 quamvis
1138 809 1272 858 vobis
1292 812 1359 873 (4)
1385 812 1684 876 propinquus
1709 812 1785 868 sit,
1816 812 1993 857 carissi-

579 907 713 935 mum
728 924 742 947 ,
780 898 948 937 vestrae
987 888 1207 936 electioni
1240 889 1313 952 (5)
1349 888 1749 936 commendamus.
1786 888 1995 935 Confidi-

583 984 688 1013 mus
714 967 788 1031 (6)
823 968 952 1014 enim
986 967 1034 1013 in
1073 967 1198 1025 Deo,
1236 967 1346 1014 licet
1378 984 1508 1013 nunc
1544 967 1645 1014 fieri
1679 985 1776 1014 non
1813 976 1991 1031 posset,

581 1044 711 1110 quod
724 1062 833 1091 eum
853 1045 1051 1102 iterum,
1075 1044 1341 1109 opitulante
1359 1044 1516 1091 divina
1537 1044 1785 1091 clementia
1797 1080 1810 1102 ,
1832 1044 1997 1091 laetum

580 1134 627 1171 et
650 1123 848 1171 hilarem
863 1160 877 1181 ,
903 1134 1182 1188 opportuno
1203 1133 1416 1188 tempore
1431 1159 1446 1182 ,
1467 1123 1524 1169 ad
1539 1139 1622 1170 vos
1644 1123 1888 1170 remittere
1911 1122 1997 1169 de—

584 1199 763 1247 bemus.
787 1200 1019 1265 Optamus
1038 1211 1094 1246 ut
1113 1201 1410 1248 sanctitatem
1428 1211 1632 1247 vestram
1646 1236 1659 1257 ‚
1690 1199 1812 1247 hene
1835 1199 1997 1247 valen-

580 1289 679 1325 tem
718 1289 765 1325 et
805 1280 959 1326 nostri
1004 1295 1263 1326 memorem
1282 1313 1296 1335 ,
1340 1276 1495 1324 divina
1540 1278 1687 1343 gratia
1727 1295 1911 1342 semper
1950 1287 1997 1324 et

578 1354 757 1420 ubique
780 1355 1029 1403 custodiat.

822 1510 948 1550 XXX.
982 1511 1047 1550 AD
1079 1511 1345 1551 VUSSINUM
1375 1511 1563 1550 FILIUM
1593 1510 1752 1550 SUUM.

647 1617 898 1664 Carissimo
934 1617 1034 1665 filio
1075 1618 1280 1666 Vussino
1327 1619 1374 1664 in
1421 1619 1628 1666 Domino
1675 1617 1888 1664 salutem.
1935 1645 1995 1653 -—-

582 1694 767 1741 Vereor
797 1711 1029 1758 namque,
1065 1693 1160 1752 fili,
1196 1705 1242 1741 et
1278 1693 1411 1741 valde
1439 1705 1602 1741 metuo
1631 1693 1758 1759 quod
1777 1729 1790 1751 ‚
1827 1692 1996 1740 relicto

580 1770 717 1828 ovili,
745 1787 832 1818 nec
864 1771 932 1817 tui
960 1788 1048 1817 nec
1076 1773 1167 1819 mei
1196 1789 1382 1819 memor
1411 1789 1506 1818 esse
1536 1770 1703 1818 debeas
1737 1791 1746 1816 2
1776 1771 1883 1835 quia
1909 1773 1988 1834 ju·

581 1857 748 1894 ventus
790 1848 1076 1905 immatura,
1126 1849 1215 1895 nisi
1261 1848 1406 1896 frenis
1455 1847 1717 1913 disciplinae
1763 1848 1992 1904 coercita,

580 1924 704 1971 haud
724 1925 795 1989 (7)
815 1924 951 1972 facile
975 1943 1059 1990 per
1080 1927 1279 1990 justitiae
1306 1927 1482 1974 incedit
1506 1927 1619 1973 vias.
1641 1924 1963 1987 Quamobrem
1980 1961 1991 1980 ‚

580 2003 647 2048 mi
678 2012 810 2059 nate,
845 2003 979 2051 stude
1013 2003 1191 2068 probos
1226 2004 1437 2051 aemulari
1470 2021 1658 2061 mores,
1697 2014 1743 2049 et
1776 2020 1918 2067 quem
1950 2012 1996 2049 te

582 2097 765 2143 semper
801 2081 931 2144 sequi
970 2080 1195 2128 hortabar
1231 2082 1329 2144 (8),
1362 2099 1422 2129 ne
1456 2082 1555 2130 ullo
1590 2091 1728 2145 pacto
1762 2080 1995 2127 offensum

582 2156 752 2205 habere
777 2158 890 2205 velis
912 2178 922 2204 ε
945 2159 1024 2205 sed
1047 2159 1352 2222 professionis
1383 2170 1477 2206 tuae
1504 2161 1577 2224 (9)
1602 2176 1812 2216 memor,
1840 2177 1995 2223 quan-

625 2296 675 2340 (1)
700 2293 791 2329 Cod.
812 2307 924 2341 quam
943 2300 1067 2329 mutuo
1085 2307 1216 2329 rerum.

626 2355 676 2400 (2)
702 2354 759 2390 Cf.
780 2353 936 2400 paralip.
957 2353 1020 2388 lib.
1040 2365 1083 2397 ιι,
1106 2366 1181 2400 cap.
1203 2366 1265 2397 xx,
1287 2367 1319 2388 v.
1346 2365 1397 2388 12.

626 2411 676 2458 (3)
701 2412 794 2448 Cod.
815 2412 968 2447 Filonis.

625 2473 676 2516 (4)
702 2471 793 2507 Cod.
809 2477 845 2506 et
856 2470 914 2505 ed.
931 2471 1052 2513 nobis,
1068 2470 1169 2518 quod
1184 2472 1352 2519 exipsius
1368 2471 1526 2519 epistolae
1545 2470 1651 2505 initio
1669 2468 1887 2504 mutandum
1901 2474 1990 2503 erat.

627 2530 678 2576 (5)
701 2531 761 2566 Sic
776 2530 912 2573 codex3
932 2530 1021 2566 edit.
1040 2530 1236 2565 dilectioni.

627 2590 677 2637 (6)
701 2590 793 2626 Cod.
815 2589 1063 2625 consadimus.

628 2651 678 2697 (7)
703 2649 793 2685 Cod.
813 2649 917 2685 haus.

630 2710 681 2753 (8).
706 2708 797 2744 Cod.
820 2709 980 2744 ortaber.

629 2770 677 2812 (o)
703 2768 792 2802 (tod.
812 2769 1039 2815 prqfessione
1060 2774 1132 2802 lua.
