2105 3348
598 300 675 338 400
972 289 1260 331 RHYTHMUS
1290 289 1356 328 DE
1388 279 1622 329 PAssloNE

597 388 662 437 Si,
688 399 780 442 quae
803 381 939 424 verbis
965 379 1220 440 promisisti,
1243 377 1365 421 'factis
1387 377 1707 436 adimpleveris,

594 463 746 518 Meque
762 493 772 512 ,
795 460 980 500 humana
1001 457 1089 498 sine
1109 471 1187 514 ope
1211 464 1335 513 atque
1361 453 1636 496 amminiculo
1650 487 1660 505 ,

593 538 676 579 Isto
701 545 807 578 tetro
831 537 846 591 (
855 537 892 590 1)
916 549 1001 592 quo
1024 531 1225 575 includor
1246 530 1472 573 liberatum
1497 545 1688 582 carcere,

592 616 754 656 Domus
776 622 858 654 tuae
880 611 1010 653 limen
1033 608 1139 668 pede
1164 617 1402 667 penetrasse
1425 607 1581 649 videris
1602 624 1611 649 :

591 692 644 732 Et
663 705 749 731 non
769 698 934 731 tantum
957 685 1245 743 contemplatu
1258 718 1268 737 ,
1293 683 1364 726 sed
1386 683 1622 742 palmarum
1642 682 1844 736 tactibus,

590 765 861 825 Explorando
886 762 1183 822 comprobabis
1208 763 1345 820 ipsum
1372 760 1450 803 tibi
1469 761 1659 802 assistere
1681 759 1769 817 (2),

595 843 738 901 Quem
758 841 972 884 inclusum
995 839 1191 881 dimisisti
1210 838 1432 881 tenebroso
1451 838 1495 879 in
1520 852 1703 879 carcere.
1731 854 1749 876 »

593 945 651 952 —
675 919 743 962 Ad
760 919 849 961 haec
875 917 1005 959 verba
1028 916 1177 959 crebro
1202 925 1328 974 caput
1354 916 1519 973 agitans
1544 913 1813 963 Arthemius,

591 997 644 1037 Et
667 1011 754 1037 non
776 993 952 1037 credens
977 994 1116 1035 Deum
1141 1008 1261 1051 posse
1283 1001 1398 1034 tanta
1420 991 1533 1033 bona
1552 990 1713 1042 facere,

593 1071 691 1113 Tali
712 1072 839 1113 Petro
864 1086 983 1112 servo
1002 1068 1161 1111 Christi
1184 1067 1411 1126 respondet
1434 1067 1632 1109 affamine
1655 1085 1663 1108 ε

596 1165 615 1187 ι(
641 1148 780 1189 Homo
796 1180 806 1199 ,
829 1147 990 1204 inquit,
1015 1155 1154 1188 mente
1173 1154 1319 1202 captus
1334 1177 1344 1195 ,
1370 1143 1508 1186 aliena
1529 1143 1737 1201 loqueris,

591 1224 724 1282 Quod
750 1240 799 1265 ex
819 1222 963 1264 multis
985 1221 1185 1264 accidisse
1208 1236 1306 1262 reor
1329 1220 1617 1278 passionibus,

590 1299 709 1358 Quas
733 1309 779 1341 tu
797 1298 871 1341 diu
890 1308 1063 1357 propter
1089 1307 1243 1340 sectam
1267 1297 1539 1341 christianam
1561 1297 1739 1339 sustines
1757 1297 1835 1353 (3)
1850 1314 1870 1337 υ

649 1381 691 1420 4.
725 1377 787 1420 Ita
812 1377 941 1429 dixit,
966 1386 1007 1418 et
1028 1375 1230 1428 abcessit,
1256 1391 1382 1434 seque
1405 1375 1579 1417 domum
1599 1374 1802 1427 contulit,

589 1454 862 1513 Conjugique
886 1463 1039 1496 cuncta
1063 1468 1146 1496 suae
1161 1485 1171 1504 ,
1198 1461 1484 1510 cognomento
1510 1450 1737 1504 Candidae,

587 1531 721 1574 Valde
745 1541 917 1590 stupens
940 1540 1065 1588 atque
1082 1530 1242 1571 mirans
1263 1528 1377 1571 dicta
1398 1528 1514 1571 Petri
1534 1527 1676 1570 retulit
1693 1526 1772 1584 (4).

589 1609 670 1652 Cui
689 1609 848 1667 conjux
871 1608 1083 1651 dubitanti
1103 1607 1230 1650 corde
1251 1606 1367 1649 satur
1390 1604 1565 1649 credulo
1581 1639 1592 1658 ,

589 1685 641 1728 Se
662 1685 809 1727 mirari
828 1684 946 1743 quod
968 1685 1165 1726 insanum
1183 1682 1384 1725 voluisset
1403 1682 1543 1725 dicere
1557 1716 1568 1733 ,

588 1761 730 1820 Quem
755 1761 936 1803 audisset
958 1762 1200 1819 sospitatem
1226 1759 1323 1803 filiae
1339 1761 1401 1816 (5)
1423 1760 1696 1818 promittere,

585 1838 673 1879 Nec
696 1838 778 1879 hoc
801 1837 876 1879 diu
899 1836 1184 1879 differendum
1206 1851 1292 1879 esse
1313 1835 1430 1894 quod
1450 1835 1723 1893 promiserat,

586 1913 669 1956 Sed
695 1915 889 1972 praesenti
909 1929 950 1955 se
966 1913 1181 1956 'facturum
1201 1912 1404 1956 fateretur
1424 1922 1636 1970 tempore,

583 1991 637 2034 Et
656 1990 773 2049 quod
795 1990 901 2034 dixit
921 2006 970 2033 ac
992 1990 1243 2049 spopondit,
1267 1989 1395 2032 hodie
1418 1989 1663 2031 clarescere.

583 2065 659 2108 Ille
679 2082 779 2108 vero
803 2076 951 2109 contra
976 2067 1136 2119 nitens,
1161 2082 1336 2109 uxorem
1356 2067 1582 2125 increpitat
1596 2099 1607 2118 ,

584 2142 673 2184 Cur
694 2143 759 2184 his
779 2142 917 2184 verbis
939 2142 1068 2185 fidem
1091 2143 1234 2195 daret,
1258 2153 1298 2186 et
1318 2142 1502 2201 appellat
1519 2141 1681 2185 fatuam
1694 2175 1704 2192 ,

584 2217 700 2276 Quia
719 2219 936 2262 Christum
960 2221 1098 2262 Deum
1120 2221 1235 2262 Petri
1257 2230 1340 2262 tam
1362 2230 1576 2278 potentem
1601 2218 1804 2262 crederet.

582 2319 642 2326 --
663 2312 684 2334 «
709 2296 806 2337 Non
829 2305 915 2348 est,
941 2297 1022 2348 ait,
1048 2313 1206 2339 numen
1234 2296 1369 2339 ullum
1384 2331 1394 2349 ,
1421 2297 1493 2339 sed
1519 2312 1597 2338 nec
1620 2296 1707 2354 ipse
1726 2295 1906 2354 Jupiter,

627 2474 678 2521 (1)
703 2473 794 2510 Cod.
816 2480 930 2509 taetro
945 2481 982 2510 et
999 2475 1049 2509 sic
1067 2475 1248 2523 deinceps.

625 2537 675 2583 (2)
699 2536 791 2571 Cod.
810 2536 999 2572 adsistere.

625 2598 676 2645 (3)
700 2599 791 2635 Cod.
810 2601 1007 2636 sustinens.

624 2663 675 2708 (4)
699 2662 790 2698 Cod.
813 2664 962 2699 rettulit.

622 2726 673 2771 (5)
697 2725 756 2761 Sic
779 2726 941 2761 Bolland.
960 2727 1081 2764 Codex
1104 2729 1275 2765 Metensis
1293 2730 1364 2765 sibe·
1384 2744 1500 2770 nunc;
1529 2742 1638 2778 quam
1661 2729 1853 2766 lectionem
1878 2726 1974 2776 apud

580 2789 726 2825 Surium
747 2791 915 2836 reperies.
