1979 3348
522 308 776 347 EINHARDI
810 309 1041 347 CHARTAE.
1420 308 1496 347 413

83 388 269 453 Moyni,
291 404 398 453 quae
415 387 654 452 quondam
678 389 913 452 Drogonis
933 389 1119 436 comitis
1138 389 1364 452 possessio
1381 387 1491 444 fuit,

80 477 126 513 et
151 466 292 514 habet
316 465 557 513 basilicam
581 484 773 530 parvam
807 483 947 513 muro
970 465 1160 512 factam.
1192 468 1242 512 ln
1271 484 1361 531 qua
1386 466 1494 512 villa

80 554 191 589 sunt
215 544 361 590 mansi
398 543 753 600 novemdecim,
792 555 838 590 et
865 545 983 589 servi
1022 545 1241 607 praesenti
1283 554 1496 608 tempore

80 632 323 667 manentes
353 638 459 666 cum
484 620 712 666 uxoribus
741 631 788 667 et
820 619 980 667 liberis
1011 639 1211 667 numero
1238 622 1490 677 tredecim3

79 715 159 743 seu
185 707 232 743 et
264 697 311 742 in
348 697 492 744 altera
519 697 628 743 villa
655 696 820 744 eodem
848 697 1098 753 vocabulo,
1127 717 1266 762 supra
1292 699 1494 746 eundem

80 775 307 832 fluvium,
352 793 460 841 quae
498 786 693 823 vocatur
729 775 930 823 inferior
965 776 1278 833 Mulinheim,
1325 778 1372 823 in
1405 795 1492 842 qua

79 864 189 899 sunt
211 855 359 900 mansi
384 864 591 918 quatuor
607 890 620 910 ,
648 863 694 900 et
718 855 836 900 servi
862 864 1106 901 manentes
1134 854 1333 902 totidem
1349 891 1362 912 ,
1386 873 1493 902 cum

80 931 307 977 uxoribus
328 942 375 978 et
393 931 599 995 parvulis
612 967 625 988 ,
650 932 730 991 qui
751 931 997 994 pertinent
1017 931 1073 977 ad
1092 934 1304 996 superius
1321 934 1492 980 dictam

79 1009 256 1056 villam.
285 1012 415 1056 Hanc
448 1009 632 1066 villam,
671 1010 717 1055 id
749 1020 818 1056 est
848 1010 1143 1073 superiorem
1174 1011 1455 1058 Mulinheim
1479 1049 1490 1069 ,

80 1103 186 1132 cum
212 1086 499 1149 appendiciis
520 1087 613 1132 suis
634 1096 680 1132 et
699 1086 946 1149 mancipiis
967 1087 1173 1151 propriis
1196 1087 1253 1133 ad
1272 1106 1371 1135 eam
1394 1106 1495 1152 per-

80 1161 366 1219 tinentibus,
396 1174 441 1210 et
464 1162 565 1210 haec
588 1164 747 1210 omnia
773 1181 911 1227 supra
932 1164 1124 1229 scripta,
1145 1182 1254 1211 cum
1271 1165 1494 1225 ecclesiis,

79 1239 347 1297 villaribus,
375 1239 622 1297 domibus,
648 1241 897 1304 mancipiis
915 1276 926 1296 ,
952 1240 1078 1288 silvis
1094 1278 1107 1298 ,
1130 1243 1287 1299 terris,
1316 1243 1490 1307 pratis,

78 1318 284 1380 pascuis,
322 1318 478 1382 aquis,
516 1334 804 1383 aquarumve
836 1317 1138 1375 decursibus,
1171 1319 1310 1365 cultis
1342 1331 1388 1367 et
1422 1321 1496 1367 in-

81 1395 242 1451 cultis,
277 1413 385 1441 cum
419 1394 643 1442 omnibus
677 1395 946 1459 adjacentiis
986 1406 1032 1443 et
1066 1396 1382 1460 appendiciis,
1417 1409 1496 1446 to-

84 1482 182 1518 tum
208 1482 253 1519 et
278 1471 334 1518 ad
360 1473 624 1538 integrum,
649 1472 879 1536 praedicto
898 1472 1022 1519 fideli
1049 1483 1216 1521 nostro
1233 1473 1493 1531 Einhardo,

81 1559 128 1595 et
151 1550 339 1614 conjugi
362 1551 459 1613 ejus
483 1551 646 1605 Immae
662 1585 675 1605 ,
705 1550 755 1595 in
781 1550 1034 1614 proprium
1062 1568 1147 1614 per
1174 1550 1294 1597 hanc
1320 1561 1496 1599 nostrae

80 1627 351 1674 donationis
375 1628 704 1674 auctoritatem
727 1627 1059 1674 concessimus.
1084 1629 1151 1674 Ita
1175 1628 1415 1685 videlicet,
1443 1640 1498 1675 ut

81 1703 314 1770 quidquid
350 1703 407 1750 ab
438 1704 664 1752 hodierna
692 1703 768 1752 die
803 1705 851 1750 in
886 1704 1136 1764 futurum,
1173 1705 1229 1752 de
1260 1705 1499 1769 praedictis
1564 1698 1567 1699 ⁷

81 1781 223 1828 rebus
247 1791 291 1827 et
310 1781 443 1837 locis,
460 1782 531 1827 vel
550 1780 606 1828 de
627 1781 698 1827 his
719 1799 825 1846 quae
845 1781 901 1827 ad
923 1799 995 1828 eas
1017 1782 1276 1845 pertinent,
1298 1784 1403 1846 jure
1419 1781 1498 1829 he—

81 1858 309 1906 reditario
334 1858 486 1906 facere
505 1859 762 1915 voluerint,
788 1860 834 1905 in
856 1859 1079 1908 omnibus
1098 1861 1344 1924 potiantur
1366 1860 1499 1906 arbi-

83 1937 178 1984 trio
193 1936 417 1993 faciendi3
436 1947 482 1984 et
501 1937 658 1983 nullus
671 1936 898 2002 quislibet
917 1955 972 1984 ex
990 1936 1207 1984 fidelibus
1220 1939 1495 1985 SanctaeDei

81 2014 306 2061 Ecclesiae
329 2025 376 2061 et
399 2015 572 2062 nostris
590 2051 602 2071 ,
637 2014 693 2061 de
723 2015 1012 2079 praescriptis
1041 2013 1182 2061 rebus
1201 2050 1213 2070 ‚
1237 2025 1499 2063 memorato

84 2091 210 2138 fideli
235 2102 402 2140 nostro
421 2103 466 2138 et
488 2092 680 2157 conjugi
706 2109 802 2138 suae
826 2110 849 2138 a
873 2090 1012 2138 nobis
1035 2093 1264 2139 concessis
1277 2128 1290 2150 ,
1320 2092 1498 2156 aliquid

85 2167 353 2216 abstrahere
368 2179 449 2215 aut
468 2170 684 2216 minuere
704 2179 904 2233 temptet
923 2190 933 2215 :
953 2168 1030 2217 sed
1048 2169 1186 2216 liceat
1204 2169 1268 2216 eis
1288 2170 1405 2233 ipsas
1427 2187 1500 2216 res

84 2247 244 2312 quiete
266 2246 437 2294 habere
461 2258 508 2294 et
531 2247 793 2312 possidere,
823 2258 868 2295 et
892 2251 967 2294 cui
987 2248 1227 2295 voluerint
1239 2250 1346 2312 jure
1367 2247 1498 2295 here-

85 2325 258 2373 ditario
298 2326 583 2392 relinquere.
630 2327 689 2372 Et
718 2337 772 2373 ut
806 2326 907 2373 haec
945 2327 1199 2373 auctoritas
1235 2326 1500 2390 largitionis

88 2412 293 2458 nostrae,
324 2420 410 2466 per
440 2403 673 2449 curricula
708 2420 971 2458 annorum,
1006 2401 1328 2449 inviolabilem
1360 2413 1502 2466 atque

89 2478 417 2527 inconvulsam
436 2490 667 2545 perpetuo
695 2480 910 2528 obtineat
934 2480 1208 2527 firmitatem
1227 2515 1239 2536 ,
1267 2491 1313 2527 et
1330 2497 1353 2525 a
1385 2479 1503 2526 fide-

88 2556 213 2604 libus
248 2557 422 2604 nostris
459 2568 555 2604 tam
590 2558 903 2622 praesentibus
936 2576 1079 2623 quam
1108 2569 1155 2605 et
1184 2557 1386 2612 futuris,
1421 2572 1500 2603 seu

91 2743 204 2779 Hesse
221 2743 442 2780 Dan-mstadt.
466 2744 586 2790 Voyez
605 2745 782 2780 Besselius
799 2757 844 2781 au
859 2752 936 2781 mot
954 2746 1182 2792 Moingowe,
1205 2744 1265 2779 lib.
1289 2756 1339 2786 iv,
1357 2757 1390 2791 p.
1411 2742 1499 2787 686,

93 2811 133 2841 n⁰
153 2818 298 2841 CCXCVH.
