2105 3348
559 277 609 313 54
981 267 1234 305 EINHARDI
1267 264 1538 303 EPISTOLAE.

559 356 617 401 N.
653 353 799 417 judici
822 386 832 405 ‚
873 347 1090 413 gloriosis
1131 347 1204 409 (1)
1243 344 1393 390 missis
1429 344 1594 391 domni
1633 343 1931 408 imperatoris
1951 377 1963 398 ,

557 431 825 478 Einhardus
859 427 905 472 in
941 426 1154 473 Domino
1185 424 1400 470 salutem.
1437 451 1498 458 —
1528 422 1754 469 Homines
1783 421 1964 477 nostri,

558 509 637 573 qui
663 506 718 552 de
738 505 833 550 istis
858 501 1074 566 partibus
1094 501 1150 547 ad
1173 518 1260 548 nos
1282 500 1509 554 veniunt,
1536 498 1690 545 solent
1707 496 1847 545 nobis
1864 515 1969 543 nar-

557 602 658 630 rare
689 582 745 628 de
764 580 889 627 bona
914 580 1159 626 voluntate
1193 589 1240 625 et
1270 578 1327 625 de
1358 576 1653 641 benignitate
1676 586 1826 623 vestra
1861 593 1967 639 erga

557 678 641 706 nos
657 694 669 714 ,
701 659 745 704 in
775 674 830 704 eo
851 656 982 722 quod
1012 655 1226 703 homines
1252 665 1442 702 nostros
1461 653 1679 709 servatis,
1704 662 1751 699 et
1774 654 1838 700 eis
1861 670 1969 716 par-

557 738 660 782 citis
698 737 771 798 (2)
808 735 856 780 in
888 733 1224 798 qualicumque
1260 733 1367 780 loco
1404 732 1494 778 illis
1521 748 1714 796 parcere
1746 731 1966 795 potestis,

557 827 650 870 tam
692 815 738 859 in
778 811 1050 859 heribannis
1090 829 1234 877 quam
1264 811 1314 857 in
1346 810 1447 856 aliis
1485 809 1632 855 causis
1666 809 1722 854 ad
1759 818 1967 855 vestrum

557 893 844 939 missaticum
861 889 1233 953 pertinentibus.
1257 888 1394 936 Unde
1412 887 1565 944 vobis,
1586 898 1641 933 ut
1658 887 1856 951 dignum
1875 896 1942 933 est
1955 922 1968 942 ,

557 987 747 1035 magnas
767 969 945 1033 agimus
970 968 1167 1032 gratias,
1196 967 1443 1033 Deumque
1467 983 1686 1029 rogamus
1710 975 1756 1012 et
1775 965 1973 1011 Sanetos

559 1050 655 1112 ejus
676 1058 727 1093 ut
744 1045 877 1093 vobis
892 1062 991 1092 non
1009 1045 1164 1091 solum
1180 1044 1274 1101 hic,
1298 1046 1345 1090 in
1362 1043 1586 1107 praesenti
1605 1043 1716 1098 vita,
1735 1042 1813 1088 sed
1831 1043 1973 1088 etiam

562 1128 608 1172 in
624 1125 648 1171 f
648 1136 802 1181 utura,
823 1141 1084 1188 congruam
1098 1123 1231 1170 factis
1247 1123 1412 1170 vestris
1426 1121 1691 1168 mercedem
1707 1120 1974 1168 retribuere

560 1202 798 1266 dignetur.
819 1201 1150 1248 Promittimus
1170 1201 1312 1248 etiam
1329 1199 1457 1264 quod
1479 1210 1525 1246 et
1542 1208 1756 1246 nostram
1774 1198 1974 1262 parvita-

562 1292 654 1327 tem
673 1279 730 1325 ad
750 1279 1046 1327 voluntatem
1063 1289 1267 1325 vestram
1286 1278 1547 1324 faciendam
1572 1286 1783 1341 paratam
1804 1274 1975 1323 habere

561 1355 780 1403 debeatis.
810 1356 936 1403 Bene
961 1356 1126 1403 valete.

661 1588 847 1627 XXXIV.
882 1590 947 1627 AD
977 1588 1290 1627 LOTHARIUM
1322 1587 1529 1626 IMPERII
1561 1586 1880 1625 CONSORTEM.

631 1694 771 1742 Vivat
802 1694 1035 1741 Dominus
1063 1711 1220 1752 meus,
1246 1695 1482 1759 piissimus
1505 1694 1744 1759 Augustus
1760 1730 1772 1750 ,
1802 1694 1848 1740 in
1871 1711 1980 1758 per-

568 1784 782 1836 petuum.
813 1801 873 1806 -
909 1772 1147 1832 Quantam
1185 1790 1346 1819 curam
1383 1783 1431 1820 et
1467 1771 1839 1819 sollicitudinem
1873 1788 1979 1835 erga

567 1850 945 1914 magnitudinem
969 1860 1171 1896 vestram
1197 1867 1298 1897 mea
1324 1849 1554 1914 pusillitas
1583 1860 1745 1914 gerat,
1781 1866 1881 1896 non
1913 1847 1980 1894 fa-

569 1929 655 1975 cile
680 1927 836 1976 verbis
859 1928 1093 1992 explicare
1117 1929 1266 1976 valeo.
1297 1929 1538 1989 Quoniam
1565 1946 1701 1994 aeque
1726 1945 1808 1975 vos
1839 1937 1982 1992 atque

567 2007 828 2070 piissimum
855 2005 1107 2052 dominum
1131 2024 1310 2066 meum,
1336 2018 1521 2070 patrem
1542 2017 1771 2063 vestrum,
1798 2021 1983 2068 semper

568 2085 707 2132 dilexi
726 2119 737 2138 ‚
757 2094 803 2131 et
823 2084 1068 2148 aequaliter
1084 2083 1247 2130 ambos
1266 2084 1418 2131 salvos
1436 2102 1531 2131 esse
1548 2084 1704 2140 volui,
1728 2092 1982 2147 postquam

570 2178 652 2207 vos
686 2162 734 2206 in
768 2160 1041 2208 societatem
1074 2160 1284 2207 nominis
1309 2171 1355 2207 et
1378 2161 1540 2224 regni,
1575 2176 1809 2206 consensu
1837 2159 1983 2207 totius

569 2237 733 2302 populi
759 2236 858 2292 sui,
886 2237 1159 2300 assumpsit,
1194 2254 1410 2301 meaeque
1436 2236 1653 2300 parvitati
1680 2236 1907 2299 praecepit
1932 2247 1984 2281 ut

570 2315 707 2361 vestri
737 2331 894 2360 curan]
919 2332 1156 2378 gererem,
1179 2331 1231 2359 ae
1250 2331 1332 2360 vos
1351 2313 1407 2361 de
1425 2312 1638 2360 moribus
1658 2312 1951 2378 corrigendis
1964 2348 1977 2369 ,

567 2403 614 2439 et
641 2391 846 2438 honestis
861 2401 1010 2456 atque
1029 2389 1225 2437 utilibus
1244 2390 1490 2448 sectandis»,
1518 2390 1682 2437 sedulo
1701 2407 1980 2438 commone-

568 2486 686 2515 rem.
716 2466 805 2514 Sed
828 2467 939 2515 lieet
963 2469 1012 2514 in
1038 2467 1108 2515 his
1133 2485 1285 2515 meam
1309 2485 1520 2532 operam,
1552 2467 1710 2513 minus
1729 2484 1872 2532 quam
1895 2466 1981 2513 de-

567 2546 669 2591 buit
685 2581 697 2602 ,
718 2544 883 2590 utilem
907 2543 1041 2591 vobis
1060 2545 1160 2591 sitis
1180 2545 1388 2609 experti,
1413 2555 1568 2592 tamen
1592 2544 1811 2591 voluntas
1831 2543 1981 2590 fidelis

608 2712 657 2752 (ι)
682 2710 773 2745 (lod.
796 2711 955 2754 gloriosi

610 2769 657 2811 (v.)
683 2768 770 2802 (lod.
789 2769 943 2813 paratis
