2105 3348
562 346 611 383 40
986 345 1237 383 EINHARDI
1269 345 1538 385 EPISTOLAE.

947 483 1114 524 XXVII.
1143 486 1208 523 AD
1238 486 1285 523 N.
1320 485 1575 525 COMITEM.

625 587 877 653 Magnifico
909 599 955 636 et
980 589 1250 637 honorabili
1281 602 1421 656 atque
1446 591 1617 638 illustri
1645 592 1749 639 viro
1770 592 1830 638 N.
1858 592 1966 657 glo-e

561 663 686 709 rioso
706 662 889 720 comiti,
913 663 1181 711 Einhardus
1203 665 1539 729 sempiternam
1557 666 1603 711 in
1623 666 1830 713 Domino
1848 666 1967 712 salu-

560 750 674 787 tem.
703 768 764 775 —
784 739 845 787 N.
873 758 1027 788 vassus
1050 741 1334 796 dominicus,
1370 742 1517 790 frater
1549 743 1710 790 uxoris
1732 742 1793 789 N.
1820 744 1965 790 comi-

559 818 642 876 tis,
672 817 845 866 morbo
871 820 1045 884 pedum
1068 830 1114 868 et
1136 831 1377 868 senectute
1398 823 1574 886 gravis,
1595 821 1782 869 volebat
1806 822 1969 868 venire

559 894 617 942 ad
650 895 883 943 domnum
919 897 1253 961 imperatorem
1291 919 1300 944 :
1338 898 1415 946 sed
1448 916 1545 946 non
1580 899 1738 963 potuit
1770 908 1967 963 propter

559 972 886 1021 infirmitatem
908 993 1055 1023 suam.
1084 977 1203 1023 Cum
1228 978 1437 1041 primum
1464 978 1705 1042 potuerit,
1728 979 1886 1025 veniet
1911 976 1968 1024 ad

560 1053 806 1099 servitium
839 1055 952 1117 ejus.
988 1055 1187 1102 Interim
1217 1056 1426 1119 postulat
1456 1066 1510 1102 ut
1537 1055 1625 1102 sibi
1656 1056 1793 1103 liceat
1823 1054 1969 1103 bene-

561 1128 722 1176 ficium
745 1146 883 1176 suum
906 1130 1104 1189 habere,
1136 1133 1265 1197 quod
1292 1133 1333 1180 ei
1365 1132 1568 1180 domnus
1595 1133 1794 1180 Karolus
1821 1133 1970 1197 impe-

560 1215 693 1253 rator
717 1206 847 1254 dedit
875 1209 924 1254 in
957 1209 1256 1274 Burgundia‚
1298 1211 1348 1256 in
1384 1228 1504 1275 pago
1537 1210 1827 1259 Genawense
1864 1211 1966 1274 (1),

561 1301 710 1348 usque
735 1283 850 1331 dum
878 1285 956 1332 ille
989 1286 1046 1333 ad
1075 1287 1377 1350 praesentiam
1407 1290 1503 1351 ejus
1532 1289 1742 1345 venerit,
1776 1306 1828 1334 ac
1851 1289 1971 1335 sein

562 1377 729 1407 manus
752 1363 849 1425 ejus
875 1362 1295 1410 commendaverit.
1329 1362 1447 1409 Mihi
1476 1381 1667 1429 quoque
1688 1374 1873 1411 rectum
1899 1365 1971 1427 (2)

561 1448 607 1484 et
632 1438 749 1485 utile
767 1439 955 1486 videtur
979 1450 1033 1486 ut
1060 1441 1123 1486 ita
1152 1439 1233 1487 fiat
1250 1476 1262 1497 ,
1298 1440 1418 1486 sieut
1446 1441 1545 1505 ipse
1576 1440 1828 1499 desiderat,
1862 1442 1972 1506 quia

561 1513 636 1560 vir
658 1513 814 1562 bonus
833 1533 885 1562 ac
912 1515 1119 1580 prudens
1142 1526 1234 1574 est,
1263 1526 1310 1564 et
1332 1516 1476 1564 bonae
1492 1517 1630 1564 famae
1649 1518 1776 1565 inter
1791 1517 1971 1565 vicinos

562 1608 694 1648 suos,
719 1602 765 1639 et
787 1609 870 1640 vos
895 1592 1015 1641 bene
1040 1593 1247 1653 facietis,
1275 1594 1311 1640 si
1343 1612 1452 1641 eum
1482 1598 1533 1641 in
1562 1594 1647 1641 hac
1671 1612 1722 1642 re
1752 1593 1972 1657 adjuvare

562 1667 840 1733 dignemini.
868 1669 995 1734 Opto
1017 1682 1071 1717 ut
1093 1688 1277 1735 semper
1301 1670 1423 1719 bene
1444 1671 1634 1718 valeatis
1667 1671 1717 1717 in
1742 1671 1968 1719 Domino.

936 1905 1129 1945 XXVIII.
1163 1908 1228 1945 AD
1258 1908 1305 1945 N.
1341 1906 1598 1944 COMITEM.

626 2010 876 2075 Magnifice
890 2021 937 2058 et
956 2010 1224 2060 honorabili
1244 2023 1386 2078 atque
1405 2011 1573 2059 illustri
1590 2011 1652 2060 N.
1673 2011 1882 2077 glorioso
1902 2028 1974 2059 co-

560 2088 684 2146 miti,
701 2088 969 2136 Einhardus
984 2100 1213 2137 aeternam
1229 2091 1279 2137 in
1295 2091 1504 2139 Domino
1518 2091 1732 2138 salutem.
1755 2118 1818 2126 —
1837 2091 1973 2154 Rogo

561 2165 905 2230 benignitatem
932 2176 1137 2214 vestram
1170 2177 1223 2213 ut
1249 2167 1376 2214 hunc
1399 2170 1624 2232 juvenem
1649 2166 1709 2214 N.
1740 2166 1863 2232 apud
1897 2167 1971 2230 (ὅ)

560 2228 794 2290 domnum
824 2244 1160 2307 imperatorem
1186 2244 1402 2308 adjuvare
1428 2245 1717 2311 dignemini,
1751 2255 1805 2291 ut
1830 2244 1976 2292 bene-

561 2318 720 2366 ficium
735 2355 750 2378 ,
776 2320 903 2384 quod
929 2321 1026 2385 ipse
1049 2332 1094 2368 et
1114 2321 1261 2369 frater
1278 2339 1386 2368 suus
1406 2321 1582 2369 habent
1595 2358 1608 2380 ‚
1631 2339 1727 2370 non
1753 2321 1970 2386 perdant.

562 2396 749 2445 Habent
775 2399 904 2445 enim
929 2399 979 2444 in
1010 2417 1128 2464 pago
1158 2400 1459 2448 Tornacense
1482 2401 1555 2463 (A.)
1589 2417 1775 2447 mansos
1808 2416 1892 2459 xv,
1928 2409 1974 2445 et

607 2558 657 2601 (1)
684 2556 776 2592 Cod.
803 2556 1066 2592 Genavvensse.

610 2616 660 2662 (2)
685 2616 787 2651 Hanc
805 2628 929 2651 vocem
953 2629 1036 2651 cum
1061 2616 1168 2651 editis
1188 2616 1476 2659 emendavimus3
1501 2617 1580 2651 cod.
1605 2617 1702 2651 enim
1723 2616 1839 2663 prima
1865 2627 1973 2649 manu

563 2682 716 2719 reatum,
743 2676 934 2722 posteriori
955 2687 1055 2714 vero,
1084 2676 1272 2722 expunctis
1297 2675 1439 2710 duobus
1466 2675 1597 2711 litteris
1622 2688 1660 2711 eo
1687 2683 1722 2711 et
1749 2675 1973 2722 superposita

560 2735 680 2769 littera
699 2748 737 2776 α,
760 2742 890 2769 ratum.

609 2794 657 2841 (5)
682 2795 773 2831 Cod.
795 2802 895 2841 apul.

606 2856 653 2898 ε’»)
679 2855 769 2891 Cod.
800 2856 1049 2891 Tua-naccnwt.
