1979 3348
517 261 777 299 APPENDIX
807 261 1021 299 ALTERA.
1401 262 1477 299 163

63 357 199 386 sermo
210 342 380 384 divinus
394 341 571 384 irradiat
579 343 702 400 juxta
714 341 838 384 illud:
849 342 1070 384 «Lucerna
1080 340 1260 400 pedibus
1273 342 1377 384 meis
1386 358 1480 385 ver-

62 421 163 463 bum
184 430 304 462 tuum
320 453 330 473 ,
354 429 395 462 et
413 419 560 463 lumen
578 420 737 462 semitis
755 419 930 475 meis(1)
943 437 962 459 »
979 418 1199 477 quomodo
1217 420 1305 478 ipse
1320 418 1480 463 'formet

60 498 253 541 eamdem
265 499 396 541 vitam
412 498 580 558 penitus
594 496 851 539 intuendum
867 497 1173 539 est.Nimirum
1193 499 1238 540 in
1263 497 1482 540 dominica

60 578 252 620 oratione
270 576 464 636 quotidie
492 575 697 617 dicimus:
715 574 845 617 «Fiat
865 573 1061 616 voluntas
1080 584 1151 616 tua
1170 593 1188 614 »
1211 575 1373 618 scilicet
1390 593 1479 618 non

58 665 203 698 nostra
217 689 227 707 ,
244 671 338 714 quae
358 655 508 712 ignara
522 667 664 694 rerum
683 652 764 694 sibi
781 651 1019 694 salubrium
1032 650 1125 694 falli
1138 653 1395 705 consuescit,
1410 653 1484 696 sed

60 752 78 773 «
107 743 232 784 tua»,
251 748 362 790 quae,
383 740 530 790 utpote
548 730 645 783 Dei,
667 729 814 772 sutura
832 730 1075 788 praenoscit.
1091 728 1287 772 Salvator
1308 747 1481 790 quoque

59 818 218 860 noster,
236 807 431 867 passione
453 806 726 866 impendente
740 840 750 859 ,
770 822 870 849 eum
897 805 1096 850 dixisset:
1117 825 1137 848 «
1162 808 1304 861 Pater,
1333 809 1368 851 si
1388 809 1483 852 fieri

56 895 209 943 potest,
236 894 420 928 transeat
436 900 460 927 a
477 899 545 926 me
567 883 677 927 calix
693 885 769 928 iste
789 886 850 943 (2)
865 902 905 937 »‚
923 885 1127 945 assumpti
1145 886 1336 929 hominis
1360 887 1483 929 infir-

57 963 269 1014 mitatem,
293 963 425 1004 immo
447 960 742 1004 membrorum
767 978 969 1014 suorum,
992 972 1168 1022 propter
1192 964 1311 1022 quod
1329 965 1383 1008 ad
1407 966 1485 1008 has

56 1054 202 1096 preces
232 1037 532 1091 descenderat,
560 1038 898 1082 imbecillitatem
932 1040 991 1082 sic
1016 1039 1163 1083 divina
1194 1042 1351 1085 virtute
1377 1059 1483 1086 con-

55 1116 231 1159 solidat:
250 1117 582 1160 «Verumtamen
601 1134 690 1160 non
703 1117 813 1160 sicut
830 1134 911 1176 ego
928 1120 1043 1172 volo,
1064 1118 1137 1162 sed
1154 1120 1265 1163 sicut
1282 1130 1373 1165 tu».
1389 1122 1485 1165 Sci-

56 1192 157 1236 licet
188 1193 337 1237 sallere
364 1192 543 1253 fallique
578 1195 747 1237 nescius
769 1197 990 1253 magister,
1017 1197 1135 1256 quod
1156 1199 1272 1241 Deus
1303 1216 1379 1243 suo
1406 1217 1488 1244 nos

55 1270 249 1330 exemplo
273 1272 456 1314 instituit
477 1281 524 1314 ut
540 1305 550 1324 ,
575 1288 673 1314 cum
697 1271 874 1315 adversa
903 1285 1155 1332 vergerent,
1179 1276 1238 1318 sic
1261 1292 1309 1319 ea
1333 1277 1487 1337 depel—

54 1347 142 1391 lere
175 1348 375 1407 precibus
404 1365 678 1402 conaremur,
705 1359 752 1392 ut
780 1350 825 1392 in
850 1349 916 1392 his
949 1351 1077 1393 etiam
1108 1362 1258 1395 contra
1287 1363 1484 1399 nostrum

55 1435 203 1468 votum
215 1425 308 1483 ejus
320 1425 414 1468 fieri
431 1425 697 1468 voluntatem
714 1425 944 1469 salubriter
956 1427 1329 1486 amplecteremur.
1348 1432 1484 1474 Reco-

54 1502 126 1545 lite
140 1537 151 1556 ,
176 1520 319 1562 quaeso
334 1538 343 1556 ,
364 1503 546 1546 Paulum
569 1537 579 1557 ,
604 1505 728 1562 cujus
747 1514 863 1547 tanta
884 1515 975 1548 erat
991 1507 1224 1550 eminentia
1238 1541 1248 1561 ,
1269 1519 1316 1551 ut
1335 1510 1379 1551 in
1397 1520 1482 1553 ter-

52 1581 160 1624 tium
178 1591 324 1641 raptus
341 1581 515 1635 coelum,
535 1568 721 1624 audierit
738 1598 895 1625 arcana
918 1583 1049 1626 verba
1074 1594 1229 1628 sanctae
1254 1587 1480 1631 Trinitatis

52 1677 146 1720 quae
164 1677 251 1704 non
279 1660 379 1704 licet
398 1661 565 1704 homini
583 1660 727 1719 loqui,
752 1671 893 1704 tamen
911 1663 1150 1705 Dominum
1176 1679 1316 1708 orasse
1342 1681 1429 1724 quo
1453 1683 1477 1709 a

52 1753 93 1779 se
123 1737 325 1796 angelum
348 1737 539 1790 Satanae,
568 1753 592 1779 a
612 1753 699 1796 quo
725 1737 1030 1792 tribulabatur,
1056 1753 1369 1796 summoveret,
1395 1760 1475 1786 nec

51 1816 286 1859 obtinuisse
302 1815 420 1875 quod
438 1815 591 1869 voluit,
607 1815 680 1858 sed
691 1816 809 1875 quod
826 1816 1005 1875 profuit.
1025 1817 1239 1862 Revocate
1257 1821 1302 1862 in
1316 1837 1476 1865 memo-

51 1893 159 1935 riam
176 1892 405 1946 Davidem,
420 1901 632 1951 quatenus
649 1908 708 1944 se,
724 1908 802 1951 pro
820 1893 1091 1953 impetranda
1106 1894 1198 1938 filio
1221 1897 1324 1951 vita,
1336 1914 1476 1941 mace-

49 1971 169 2013 rarit.
199 1972 252 2014 Et
279 1979 415 2022 certe,
452 1985 550 2013 cum
578 1980 720 2013 tantus
739 1980 845 2013 esset
879 1971 1112 2030 propheta,
1140 1989 1193 2015 ne
1217 1989 1471 2033 responsum

48 2047 224 2107 quidem
245 2047 441 2090 divinum
461 2057 546 2090 tam
568 2048 748 2090 immani
769 2047 991 2090 confectus
1010 2064 1194 2091 moerore
1212 2053 1467 2109 promeruit.

48 2127 334 2187 Quaecunque
366 2136 509 2169 autem
546 2127 704 2185 scripta
734 2136 834 2169 sunt
851 2159 861 2178 ,
900 2126 954 2169 ad
991 2137 1181 2170 nostram
1225 2129 1469 2174 doctrinam

48 2207 205 2265 scripta
227 2216 343 2257 sunt,
362 2215 411 2248 ut
430 2221 505 2264 per
528 2205 776 2264 patientiam
801 2214 842 2247 et
864 2204 1203 2249 consolationem
1228 2206 1472 2267 Scriptura-

51 2300 145 2327 rum
169 2300 284 2344 spem
313 2283 562 2326 habeamus.
589 2284 704 2341 Ergo
730 2282 981 2342 perpendite
1003 2283 1189 2342 qualiter
1212 2285 1353 2328 David
1376 2302 1470 2329 cas—

50 2377 138 2404 sam
172 2377 347 2420 precum
379 2376 553 2403 suarum
587 2371 783 2420 expertus
816 2361 1062 2405 instantiam
1085 2395 1096 2415 ,
1130 2363 1469 2407 consolationem

50 2439 215 2481 ratione
253 2438 490 2497 perceperit
513 2471 523 2489 ,
568 2453 617 2479 ac
653 2437 828 2495 justitiae
869 2439 950 2480 Dei
992 2438 1210 2497 subjectus
1248 2440 1472 2483 humiliter

50 2517 331 2576 adquieverit.
355 2516 452 2558 Non
473 2517 570 2558 estis
585 2525 671 2558 tam
689 2514 879 2558 ’fundatae
903 2515 1187 2560 fortitudinis.
1212 2517 1346 2576 Quod
1365 2533 1471 2575 prae-

97 2696 148 2740 (1)
173 2695 231 2730 Cf.
252 2694 346 2729 Psal.
369 2705 499 2735 cxvm,
525 2690 600 2726 105.
621 2691 846 2739 <Sept11ag.).

99 2760 149 2803 (2)
175 2759 231 2794 Cf.
255 2757 384 2792 Matth-
406 2769 497 2799 xxw,
518 2754 575 2802 59.
