2105 3348
552 307 630 345 362
850 302 1091 341 HISTORIA
1122 298 1546 346 TRANSLATIONIS,
1578 312 1658 336 E‘rc.

550 386 707 440 tione,
744 381 1001 446 perfectam
1027 381 1173 427 totius
1199 378 1415 444 corporis
1447 379 1516 425 sui
1549 379 1724 426 meruit
1756 382 1963 446 recipere

554 461 818 506 sanitatem.

1141 954 1308 994 CAPUT
1337 955 1390 994 X.

555 1108 639 1146 Duo
656 1106 840 1145 miracula
854 1134 864 1154 ,
887 1106 1156 1144 intercessione
1177 1105 1237 1144 SS.
1263 1105 1367 1144 Proti
1397 1113 1434 1143 et
1454 1104 1666 1158 Hyacinthi
1690 1114 1803 1158 atque
1819 1105 1858 1143 S.
1878 1106 1976 1143 Her-

747 1176 872 1222 metis‚
893 1175 932 1212 in
955 1174 1114 1212 ecclesia
1133 1173 1196 1212 SS.
1219 1174 1435 1212 Marcellini
1454 1181 1490 1211 et
1509 1174 1609 1211 Petri
1628 1182 1789 1225 patrata.

623 1308 703 1355 90.
741 1308 939 1355 Restant
971 1306 1124 1354 adhuc
1163 1308 1260 1354 duo
1293 1306 1426 1354 valde
1456 1307 1685 1371 praeclara
1719 1308 1978 1368 miracula,

559 1404 668 1452 quae
703 1403 804 1434 non
839 1385 995 1433 solum
1033 1384 1231 1451 tegenda
1267 1385 1458 1433 silentio
1492 1403 1594 1434 non
1635 1402 1830 1443 censeo,
1861 1387 1980 1451 quin

560 1464 721 1529 potius
795 1463 992 1511 illorum
1056 1463 1414 1528 conscriptione
1476 1464 1982 1511 convenientissimum

560 1551 734 1606 quarto
766 1541 1031 1601 volumini,
1061 1540 1194 1606 quod
1225 1541 1278 1588 in
1314 1541 1536 1588 manibus
1576 1539 1796 1599 habetur,
1836 1541 1982 1588 finem

561 1637 636 1666 me
659 1619 900 1666 facturum
924 1636 1020 1667 esse
1039 1618 1251 1666 confido.
1278 1618 1345 1665 Et
1365 1618 1477 1666 licet
1498 1617 1659 1666 eadem
1682 1618 1813 1683 signa
1835 1617 1984 1665 beatis

561 1693 855 1761 martyribus
880 1695 1165 1743 Marcellino
1189 1705 1236 1742 et
1255 1695 1399 1744 Petro
1419 1712 1527 1742 cum
1549 1695 1652 1742 aliis
1676 1695 1847 1742 sanctis
1870 1712 1982 1759 pos-

563 1773 660 1821 sint
690 1773 840 1821 videri
878 1773 1153 1821 communia
1173 1809 1186 1831 ,
1220 1791 1277 1821 ex
1307 1791 1364 1822 eo
1397 1773 1528 1839 quod
1558 1791 1712 1820 unum
1741 1790 1799 1820 ex
1833 1773 1904 1820 his
1936 1773 1986 1819 in

564 1851 770 1899 adventu
790 1851 1107 1917 reliquiarum
1126 1861 1401 1899 sanctorum
1420 1852 1553 1899 Proti
1573 1861 1620 1899 et
1637 1851 1918 1915 Hyacinthi,
1940 1862 1988 1899 et

558 1932 692 1994 juxta
725 1930 846 1994 ipsas
880 1929 1105 1996 reliquias
1138 1939 1325 1995 gestum
1359 1939 1459 1986 est;
1497 1929 1796 1995 alterumque
1832 1929 1882 1976 in
1911 1928 1988 1976 die

565 2007 783 2054 natalitio
807 2007 956 2054 sancti
980 2007 1220 2055 Hermetis
1238 2042 1252 2065 ,
1285 2006 1380 2053 suis
1412 2007 1557 2071 ipsius
1581 2006 1797 2072 reliquiis
1826 2007 1988 2054 conti-

567 2087 686 2151 gisse
717 2095 906 2133 certum
931 2096 1031 2144 est;
1066 2086 1172 2134 ideo
1201 2096 1361 2133 tamen
1394 2085 1506 2150 ipsis
1533 2086 1776 2151 praecipue
1807 2085 1990 2133 adscri-

564 2163 718 2211 benda
739 2162 983 2220 videntur,
1010 2164 1241 2230 quoniam
1267 2165 1318 2211 in
1340 2181 1391 2212 ea
1417 2163 1605 2211 basilica
1628 2164 1750 2211 facta
1774 2173 1912 2221 sunt,
1939 2164 1987 2210 in

568 2259 662 2306 qua
685 2259 854 2288 eorum
879 2243 1188 2289 sacratissima
1223 2259 1426 2306 corpora
1456 2243 1778 2308 requiescunt.
1811 2242 1989 2289 Gesto-

571 2337 681 2365 rum
702 2330 862 2365 autem
886 2319 999 2367 fides
1021 2320 1079 2366 ad
1104 2337 1192 2367 nos
1220 2321 1457 2384 pertinet,
1489 2320 1573 2386 qui
1606 2330 1863 2385 praesentes
1894 2319 1990 2366 fui-

571 2414 700 2452 mus,
727 2405 774 2443 et
795 2394 968 2461 quibus
995 2414 1045 2444 ea
1075 2396 1236 2443 divina
1269 2397 1414 2461 pietas
1448 2396 1606 2445 videre
1642 2397 1890 2444 concessit.
1920 2396 1990 2444 Ac

573 2471 794 2538 proinde,
816 2473 985 2520 omissa
1010 2473 1317 2538 praefatione,
1340 2473 1398 2521 ad
1419 2474 1515 2539 ipsa
1538 2492 1647 2540 quae
1669 2475 1865 2523 dicenda
1879 2484 1992 2522 sunt

574 2550 798 2598 miracula
827 2551 1087 2598 veniamus.
