1979 3348
493 309 813 349 MARCELLINI
845 310 908 348 ET
940 310 1106 350 PETRI.
1430 313 1502 351 401

100 397 233 456 Quod
256 398 437 440 cundem
462 399 520 440 sic
549 396 800 440 conclusum
826 398 954 456 possit
982 398 1132 440 vinclis
1152 398 1336 451 solvere,

101 472 176 515 Vel
201 489 250 515 ex
273 474 384 515 antri
409 483 514 516 tetro
541 473 635 516 lacu
659 473 842 516 liberum
870 473 1098 517 dimittere.
1131 494 1150 516 »

99 553 241 596 —Illa
263 554 377 596 Petri
396 553 533 596 verbis
556 553 756 606 credens,
781 554 937 612 quibus
959 570 1001 596 se
1023 557 1297 614 promiserat,

97 631 178 673 Per
201 632 397 674 virtutem
424 632 521 674 Jesu
544 632 704 674 Christi
730 632 836 673 mira
858 647 977 690 posse
997 632 1159 684 facere,

97 707 193 750 Tali
217 708 297 750 sibi
322 710 582 751 resistentem
605 707 760 766 repulit
783 707 923 765 elogio
943 725 951 750 :

100 804 118 824 «
138 787 229 828 Hoc
249 796 331 838 est,
356 787 517 844 inquit,
541 785 659 843 quod
684 785 856 843 augebit
882 785 961 827 Dei
985 786 1049 827 sui
1073 786 1278 843 gloriam,

95 863 205 904 Cum
227 879 300 920 per
321 863 443 904 illum
466 863 546 904 erit
566 861 728 904 factum
745 894 756 913 ,
781 860 897 919 quod
922 870 1088 919 patrare
1111 875 1327 920 nequeunt

94 937 169 980 Illa
196 954 350 996 magna
367 972 377 991 ,
402 954 497 996 quae
520 954 544 979 a
572 937 695 980 nobis
714 954 829 979 nunc
847 937 1064 990 coluntur,
1095 939 1287 981 numina.
1310 959 1328 981 »

155 1019 196 1057 5.
231 1016 330 1057 Haec
350 1014 452 1057 dum
474 1014 603 1057 simul
624 1030 674 1057 ac
696 1014 881 1056 vicissim
901 1013 1152 1057 alternando
1175 1015 1425 1069 conserunt,

93 1091 255 1150 Atque,
282 1091 382 1134 solis
404 1091 507 1134 orbe
531 1107 696 1146 merso,
722 1091 851 1134 stellae
869 1102 1037 1135 noctem
1059 1091 1299 1151 proferunt,

92 1168 200 1209 Ecce
220 1168 392 1221 Petrus,
419 1178 466 1211 ut
489 1169 708 1227 promisit,
732 1168 851 1211 adest
872 1168 1203 1221 admirantibus,

92 1247 273 1304 Signum
292 1248 432 1289 crucis
453 1263 583 1289 manu
602 1256 786 1305 gestans,
812 1256 923 1290 veste
941 1246 1111 1305 fulgens
1131 1248 1336 1303 candida,

90 1324 231 1382 Seque
250 1340 398 1367 verum
417 1325 579 1367 Christi
604 1340 797 1376 servum,
823 1333 864 1366 et
888 1340 973 1366 non
999 1324 1152 1367 salsum
1174 1325 1337 1384 aliquid
1361 1329 1422 1382 (1)

90 1401 190 1443 Esse
210 1411 439 1453 monstrat,
465 1401 568 1444 dum
589 1401 825 1444 multorum
849 1411 1137 1445 contrectatur
1161 1403 1373 1447 manibus.

91 1478 190 1520 Haec
215 1488 458 1521 cernentem
482 1489 632 1538 stupor
654 1479 807 1537 ingens
829 1479 979 1538 arripit
1000 1479 1298 1535 Arthemium3

89 1556 230 1615 Atque
250 1556 366 1599 Petri
386 1556 476 1598 sine
497 1571 618 1604 mora
640 1555 821 1614 pedibus
844 1555 1103 1609 advolvitur,

89 1634 228 1676 Deum
252 1633 390 1675 solum
412 1649 561 1675 verum
586 1633 804 1676 Christum
827 1634 993 1691 magnis
1019 1633 1206 1677 clamans
1231 1636 1419 1679 vocibus.

88 1711 183 1754 Hoc
203 1721 244 1754 et
266 1710 448 1769 conjux,
470 1711 552 1753 hoc
573 1720 614 1753 et
639 1720 792 1753 cuncta
812 1721 1018 1753 consonat
1036 1711 1199 1754 familia

88 1791 187 1832 Esse
209 1788 375 1831 nullum
400 1789 480 1831 nisi
503 1788 741 1840 Christum,
771 1804 913 1830 rerum
934 1789 1273 1847 potentissimum
1291 1824 1300 1842 ‚

89 1865 232 1925 Quem
254 1865 402 1908 beatus
423 1864 690 1923 praedicasset
711 1864 862 1906 Petrus
882 1873 1009 1922 atque
1029 1864 1201 1907 coleret.

87 1942 137 1983 In
161 1942 346 1984 adventu
370 1943 492 1998 eujus
514 1941 653 1999 ipsum
668 1973 678 1992 ,
703 1939 820 1998 quod
845 1956 995 1983 eorum
1019 1940 1151 1983 filiam

87 2020 174 2061 Diu
199 2019 308 2061 male
331 2017 586 2078 possidendo
610 2017 808 2069 vexabat,
834 2017 1092 2060 daemonium

92 2097 219 2154 Fugit
242 2096 398 2148 statim,
422 2105 463 2138 et
487 2096 646 2138 invitus
670 2096 732 2152 (2)
755 2096 835 2137 Dei
860 2087 1002 2137 virum⁴
1022 2095 1247 2154 praedicat,

89 2173 147 2216 Ut
170 2173 210 2214 in
237 2172 321 2215 alto
345 2171 486 2231 palam
515 2172 578 2229 (3)
605 2181 726 2214 atrox
750 2172 970 2214 audiretur
993 2180 1088 2214 aere
1109 2190 1116 2214 :

92 2251 294 2302 «Virtus,
318 2249 488 2302 dicens,
514 2250 696 2302 Christi,
716 2250 838 2293 Petre
855 2284 864 2301 ,
889 2251 933 2292 in
961 2259 998 2292 te
1022 2265 1198 2292 manens
1220 2250 1383 2309 pepulit

87 2328 158 2370 Me
181 2326 232 2369 de
255 2326 352 2379 illa,
377 2342 506 2385 quam
529 2327 723 2370 tenebam
745 2343 878 2386 usque
904 2326 1050 2379 modo,
1074 2327 1293 2384 virgine.»

149 2408 191 2446 6.
226 2404 326 2446 Haec
351 2413 442 2446 tum
464 2404 590 2447 Petro
612 2404 795 2447 faciente
817 2420 893 2463 per
914 2404 1115 2446 virtutem
1135 2405 1324 2463 spiritus,

135 2562 184 2605 (1)
211 2559 299 2595 Cod.
320 2560 482 2607 aliquod.

137 2626 187 2670 (2)
214 2624 271 2659 Sic
291 2625 402 2659 codex
426 2632 462 2659 et
486 2625 573 2659 edit.
602 2625 745 2659 Etenim
771 2637 835 2660 vox
855 2628 990 2660 invitus
1013 2627 1072 2661 hic
1091 2627 1135 2661 ab
1153 2633 1321 2669 auctore,
1343 2638 1408 2672 pro
1426 2638 1504 2660 am-

90 2687 301 2735 phibologia
320 2689 464 2723 vitanda
479 2717 487 2731 ,
510 2688 675 2722 adhibita
694 2689 848 2733 videtur,
871 2690 1022 2737 perimi(¹
1040 2704 1079 2725 ac
1100 2692 1126 2726 si
1147 2691 1311 2733 doemon,
1333 2703 1403 2725 non
1425 2691 1502 2724 dw-

90 2753 267 2795 mom'um,
293 2752 329 2786 in
348 2764 453 2787 versu
472 2752 688 2798 praec‹·‹lcnti
708 2753 867 2788 dixisset.

136 2812 186 2859 (3)
211 2814 269 2849 Sic
287 2815 366 2849 cod.
390 2815 486 2849 Editi
507 2816 656 2849 malum.

191 2886 242 2917 11.
454 2919 458 2924 ,
1244 2874 1306 2918 26
