2105 3348
640 244 689 280 72
909 236 1152 275 HISTORIA
1185 234 1610 281 TRANSLATIONIS,
1640 248 1718 275 E‘rc.

607 320 785 375 audivi,
813 317 1062 364 confestim
1088 315 1186 362 Deo
1211 315 1563 378 omnipotenti,
1581 324 1636 360 ut
1659 332 1743 379 par
1772 327 1896 372 erat,
1926 317 2023 364 lau-

608 400 713 445 dem
738 396 833 442 dixi
857 406 903 441 et
919 395 1091 458 gratias
1113 393 1203 458 egi,
1226 393 1308 458 qui
1325 403 1511 439 sanctos
1528 409 1635 439 suos
1653 409 1837 456 semper
1855 405 1901 441 et
1919 394 2024 441 ubi-

609 492 698 539 que
721 472 955 538 glorificat
972 508 984 528 ‚
1013 482 1061 518 et
1085 489 1173 518 nos
1201 470 1403 518 famulos
1431 487 1564 526 suos,
1586 470 1668 534 qui
1689 487 1838 516 sacras
1857 488 2024 518 eorum

608 550 828 614 reliquias
853 559 969 594 tunc
1000 547 1253 595 nobiscum
1276 545 1562 593 habebamus
1579 582 1591 602 ‚
1625 546 1683 592 de
1708 547 1851 592 tantis
1874 548 2026 594 virtu-

611 628 734 673 tibus
774 625 1016 673 laetificare
1056 624 1274 690 dignatus
1305 635 1386 671 est.
1419 623 1559 669 Illum
1589 633 1776 681 autem,
1815 624 1898 689 qui
1927 623 2026 670 haec

609 704 724 751 mihi
743 703 1003 759 nuntiavit,
1018 703 1200 767 expleta
1217 702 1508 759 narratione,
1523 701 1580 747 ad
1592 702 1886 748 mansionem
1897 719 2027 748 suam

610 782 822 830 secedere
850 782 985 846 jussi.
1018 782 1256 828 Caeterum
1283 798 1393 826 eum
1424 797 1499 827 me
1523 779 1580 826 ad
1608 779 1948 845 quiescendum
1978 780 2026 827 iu

608 862 784 908 lectulo
828 860 1127 907 collocassem
1143 895 1156 916 ‚
1209 860 1330 923 coepi
1376 876 1564 906 mecum
1603 858 1754 905 multa
1792 858 2027 905 volvendo

609 949 811 985 tractare
843 949 984 1002 atque
1021 937 1182 982 mirari
1200 973 1213 994 ‚
1257 936 1488 1002 quidnam
1529 935 1616 982 sibi
1661 935 1802 984 vellet
1817 972 1830 993 ‚
1856 936 2029 1002 quidve

607 1015 892 1081 portendere
913 1025 1070 1079 posset
1098 1015 1174 1061 illa
1207 1016 1398 1061 cervisia
1428 1016 1475 1060 in
1497 1016 1690 1071 vinum,
1720 1014 1767 1061 id
1805 1026 1875 1062 est
1906 1014 2029 1061 dete-

608 1095 749 1145 rioris
770 1093 982 1157 potionis
1009 1093 1058 1137 in
1087 1092 1336 1139 meliorem
1367 1091 1487 1137 facta
1515 1093 1746 1148 mutati03
1769 1102 1851 1138 aut
1873 1109 1958 1138 cur
1980 1092 2030 1138 in

608 1187 664 1217 eo
685 1170 810 1225 loco,
834 1169 880 1214 id
900 1180 987 1225 est,
1014 1169 1062 1213 in
1086 1168 1212 1232 regia
1238 1168 1402 1222 domo,
1428 1185 1480 1213 ac
1499 1185 1599 1215 non
1613 1169 1772 1232 potius
1788 1170 1837 1214 in
1852 1185 1927 1226 eo,
1946 1167 2028 1214 ubi

609 1247 858 1294 beatorum
882 1246 1151 1310 Martyrum
1166 1281 1179 1302 ,
1217 1246 1300 1310 qui
1336 1245 1436 1292 haec
1461 1244 1677 1310 prodigia
1696 1263 1782 1310 per
1804 1246 2031 1292 virtutem

608 1324 782 1370 Christi
809 1324 1052 1378 fecerunt,
1076 1323 1385 1369 sacratissima
1403 1340 1605 1387 corpora
1625 1322 1868 1370 recondita
1891 1334 2026 1379 sunt,

609 1401 801 1466 hujusce
818 1401 948 1448 modi
967 1401 1253 1447 miraculum
1278 1399 1545 1448 evenisset?
1565 1400 1654 1447 Sed
1678 1400 1790 1448 lieet
1818 1400 1875 1448 ad
1894 1400 2030 1465 hujus

609 1479 888 1544 quaestionis
907 1489 1086 1526 certam
1106 1478 1376 1543 indaginem
1399 1479 1539 1543 longa
1565 1496 1616 1525 ac
1636 1479 1837 1526 sollicita
1855 1480 2030 1544 eogita-

608 1557 740 1605 tione
757 1557 1008 1622 pervenire
1025 1557 1276 1622 nequirem
1288 1593 1300 1614 ‚
1324 1567 1511 1604 certum
1529 1570 1688 1605 tamen
1708 1557 1850 1605 habui
1869 1569 1916 1606 et
1935 1576 2032 1606 cer-

610 1646 714 1680 tum
744 1651 929 1699 semper
965 1632 1151 1683 habebo
1169 1670 1182 1691 ‚
1207 1634 1337 1680 illam
1367 1635 1578 1681 divinam
1612 1647 1749 1700 atque
1777 1653 2030 1700 supernam

609 1713 862 1769 virtutem,
882 1730 968 1776 per
994 1730 1139 1777 quam
1170 1711 1271 1760 haec
1290 1724 1433 1778 atque
1456 1713 1543 1759 alia
1573 1713 1710 1778 hujus
1740 1714 1870 1762 modi
1894 1715 2032 1761 mira-

610 1791 712 1836 cula
731 1790 832 1838 fieri
856 1791 1136 1849 creduntur,
1155 1790 1277 1837 nihil
1296 1809 1508 1857 unquam
1523 1793 1624 1839 sine
1639 1810 1773 1839 causa
1788 1793 1861 1840 vel
1879 1793 2030 1842 facere

612 1868 685 1914 vel
719 1868 821 1915 fieri
848 1869 1003 1916 sinere
1045 1869 1093 1915 in
1130 1870 1382 1925 creaturis,
1405 1887 1521 1935 quas
1547 1870 1602 1916 ad
1626 1888 1757 1917 suam
1779 1871 2032 1936 providen-

612 1945 725 1991 tiam
754 1956 800 1991 et
821 1945 1223 2010 gubernationem
1246 1947 1487 2011 pertinere
1508 1965 1606 1994 non
1632 1947 1819 1995 dubito.

1195 2352 1360 2390 CAPUT
1391 2354 1439 2391 V.

617 2459 699 2496 Alia
739 2460 920 2497 miracula
949 2460 1179 2500 Mulinheim
1208 2463 1302 2501 facta
1321 2497 1330 2513 ,
1367 2464 1490 2503 surdis
1520 2475 1555 2503 et
1585 2467 1721 2513 mutis,
1752 2467 1967 2519 paralyticis
1993 2476 2028 2505 et

669 2526 881 2563 amentibus
901 2529 1055 2566 sanatis.
1070 2551 1123 2558 —-
1135 2529 1280 2567 Lumen
1297 2532 1367 2568 iter
1383 2533 1580 2583 agentibus
1600 2542 1709 2572 nocte
1728 2549 1960 2572 concessum.
1975 2557 2029 2564 —

671 2593 838 2631 Libellus
861 2595 1079 2646 imperatori
1102 2597 1264 2634 oblatus.

680 2712 757 2756 46.
797 2713 947 2775 Igitur
984 2713 1091 2760 inde
1122 2713 1381 2778 digressus,
1413 2717 1533 2762 sicut
1568 2719 1780 2781 superius
1815 2718 1941 2774 dixi,
1970 2718 2026 2764 ad
