2105 3348
568 305 645 341 310
865 299 1107 337 HISTORIA
1138 299 1556 347 TRANSLATIONIS,
1591 315 1669 339 Ere.

568 397 710 444 quam
733 378 980 424 beatorum
1004 376 1264 424 Marcellini
1292 387 1338 423 et
1357 378 1485 423 Petri
1510 377 1725 443 reliquiae
1747 378 1944 426 fuerunt
1965 402 1975 426 :

568 468 622 502 ut
642 455 873 520 quidquid
895 454 959 501 ibi
985 456 1238 502 sanitatum
1261 466 1403 520 atque
1423 456 1670 519 signorum
1687 456 1862 503 sactum
1886 476 1981 506 esse

570 533 890 598 cognoscitur,
913 533 1214 597 singulariter
1237 551 1288 580 ac
1312 534 1508 598 proprie
1532 534 1587 580 ad
1615 534 1719 580 illos
1741 536 1982 600 pertinere

568 628 619 656 ac
638 611 805 657 referri
827 609 1019 668 debeat,
1042 629 1247 676 quorum
1270 612 1389 658 solas
1414 621 1600 659 constat
1622 611 1686 658 ibi
1711 612 1852 659 fuisse
1873 612 1981 659 reli-

569 690 717 755 quias.
753 689 990 736 Fecerunt
1014 689 1163 737 eidem
1187 689 1443 737 beatissimi
1475 691 1741 755 Martyres,
1777 690 1897 736 sicut
1933 691 1983 737 in

568 765 875 832 sequentibus
901 767 1334 815 demonstrabimus
1351 804 1362 824 ,
1400 769 1449 813 in
1476 768 1678 814 aliorum
1709 778 1985 814 sanctorum

568 845 686 907 locis
709 845 880 891 multas
901 846 1100 894 virtutes
1123 857 1265 912 atque
1291 847 1515 893 miracula
1532 883 1545 902 ,
1570 865 1678 911 quae
1702 846 1985 912 quibusdam

567 924 696 971 velut
717 925 988 971 communia
1012 924 1127 981 illis,
1151 943 1259 971 cum
1281 925 1351 971 his
1371 926 1543 972 sanctis
1565 927 1613 971 in
1634 943 1844 990 quorum
1866 925 1987 971 basi-

567 1000 669 1047 licis
689 1000 810 1048 facta
831 1013 968 1059 sunt,
995 1020 1093 1050 non
1122 1003 1363 1050 immerito
1387 1003 1536 1050 videri
1560 1015 1787 1067 possunt;
1811 1002 1875 1050 ob
1895 1001 1988 1049 hoc

567 1078 837 1142 praecipue,
866 1081 1095 1144 quoniam
1121 1081 1200 1146 qui
1227 1081 1352 1145 apud
1378 1081 1531 1128 Deum
1559 1081 1751 1145 aequalis
1781 1081 1989 1127 credun-

570 1163 649 1200 tur
678 1155 869 1212 meriti,
897 1174 999 1203 non
1020 1156 1221 1205 absurde
1245 1168 1476 1221 putantur
1501 1158 1549 1203 in
1572 1157 1815 1221 patrandis
1845 1157 1989 1203 mira-

568 1232 686 1279 culis
713 1234 1034 1281 communiter
1064 1236 1270 1299 operari.
1303 1236 1393 1283 Sed
1421 1234 1511 1282 hoc
1541 1234 1677 1281 aliter
1706 1252 1802 1282 esse
1830 1252 1878 1281 ea
1909 1252 1990 1280 ra-

569 1311 698 1358 tione
732 1312 1057 1371 convincitur,
1089 1331 1179 1379 qua
1210 1314 1395 1380 liquido
1426 1314 1801 1371 demonstratur,
1835 1314 1990 1360 nullas

568 1389 616 1434 in
638 1387 709 1434 his
728 1388 845 1435 locis
863 1389 1008 1437 factas
1028 1391 1168 1440 fuisse
1188 1393 1389 1440 virtutes
1404 1428 1416 1449 ,
1444 1402 1699 1457 antequam
1720 1393 1768 1439 in
1790 1392 1864 1439 illa
1883 1409 1991 1439 me-

567 1476 767 1512 moratae
796 1465 1049 1513 beatorum
1078 1470 1354 1534 Martyrum
1383 1479 1537 1516 essent
1561 1469 1728 1516 delatae
1753 1469 1987 1535 reliquiae.

570 1541 658 1588 Sed
680 1544 777 1606 jam
810 1561 965 1601 nunc,
1000 1555 1054 1590 ut
1084 1547 1419 1609 promisimus,
1449 1563 1498 1592 ea
1530 1564 1638 1611 quae
1676 1547 1723 1592 in
1758 1546 1991 1610 praedicto

569 1619 742 1682 palatio
770 1631 882 1666 sunt
907 1632 1031 1684 gesta
1061 1623 1287 1669 miracula
1315 1623 1630 1687 proferamus.

637 1775 716 1820 61.
742 1777 856 1821 Erat
873 1777 1263 1841 quidamjuvenis
1280 1778 1405 1825 inter
1422 1777 1738 1825 cubicularios
1753 1778 1892 1843 regis,
1915 1796 1995 1825 na-

573 1850 704 1898 tione
722 1851 935 1911 Graecus,
955 1854 1152 1901 nomine
1171 1855 1357 1919 Drogo:
1380 1857 1462 1920 qui
1482 1855 1615 1903 febre
1633 1865 1899 1921 correptus,
1913 1867 1994 1902 aut

571 1929 854 1993 negligentia
878 1949 1101 1988 suorum,
1131 1943 1210 1978 aut
1233 1933 1417 1979 inscitia
1445 1933 1742 1980 medicorum
1760 1969 1773 1991 ‚
1791 1936 1890 1997 jam
1909 1951 1995 1997 per

570 2007 755 2072 aliquot
777 2025 959 2056 menses
979 2009 1119 2074 longa
1139 2021 1282 2076 atque
1305 2011 1495 2058 adversa
1517 2010 1786 2058 valetudine
1806 2010 1993 2058 labora-

573 2084 670 2132 bat.
683 2087 744 2144 Is,
757 2097 1065 2153 posteaquam
1075 2088 1329 2137 Hildoinus
1342 2088 1486 2135 abhas
1496 2089 1720 2155 reliquias
1730 2088 1855 2137 beati
1870 2090 1995 2136 Mar-

574 2163 752 2220 cellini,
769 2166 893 2211 sicut
912 2167 960 2212 in
982 2166 1190 2213 secundo
1206 2166 1334 2214 libro
1344 2166 1725 2214 demonstratum
1745 2178 1831 2225 est,
1854 2166 1994 2214 nobis

576 2240 799 2299 reddidit,
812 2243 1084 2290 admonitus
1100 2246 1148 2291 in
1168 2246 1346 2292 somnis
1363 2255 1417 2291 ut
1430 2245 1760 2291 adoratorium
1773 2256 1994 2292 nostrum

574 2318 776 2372 veniret,
795 2319 957 2384 ibique
968 2338 1156 2368 cereum
1168 2334 1376 2386 quatuor
1391 2321 1596 2369 denariis
1606 2334 1818 2387 emptum
1831 2341 1997 2370 accen-

574 2395 724 2452 deret,
742 2413 795 2442 ac
814 2408 1031 2444 sanctum
1049 2399 1381 2446 Marcellinum
1395 2410 1655 2465 martyrem
1670 2437 1682 2457 ,
1702 2403 1834 2465 cujus
1854 2411 1997 2466 caput

575 2470 639 2518 ibi
656 2489 751 2519 esse
762 2473 1072 2530 asserebatur,
1087 2475 1175 2522 sibi
1196 2476 1241 2521 in
1255 2476 1545 2540 adjutorium
1559 2478 1822 2537 invocaret,
1838 2478 1996 2525 sciret-

574 2566 666 2613 que
699 2568 745 2596 se
783 2551 818 2596 si
862 2551 952 2599 hoc
987 2551 1190 2609 faceret,
1228 2571 1276 2600 ea
1313 2571 1403 2618 qua
1442 2557 1540 2618 jam
1576 2554 1659 2601 diu
1698 2554 1996 2602 laboraverat

576 2626 855 2674 infirmitate
881 2629 978 2676 cito
1011 2648 1106 2677 esse
1139 2632 1424 2690 cariturum,
1459 2632 1660 2679 credidit
1689 2632 1990 2688 admonenti,

575 2715 622 2749 et
653 2704 698 2750 id
733 2706 862 2769 quod
897 2707 1182 2772 imperatum
1212 2709 1396 2767 fuerat,
1429 2721 1601 2776 quanta
1636 2712 1796 2775 potuit
1826 2711 1994 2758 celeri-

577 2790 669 2828 tate
710 2784 983 2847 complevit.
1021 2787 1283 2851 Statimque
1316 2806 1452 2834 sanus
1490 2789 1636 2835 sactus
1656 2824 1667 2844 ,
1711 2798 1757 2835 et
1794 2788 1992 2851 receptis
