2105 3348
591 235 661 269 130
1008 218 1252 258 fflNnARffl
1290 213 1557 252 EPffiTOLAE.

584 311 921 356 detrimentum
946 303 1114 348 animze
1138 297 1346 359 meae(1)
1375 296 1640 350 incurram,
1668 295 1702 339 si
1730 294 1784 339 de
1814 292 1887 338 illa
1915 292 1989 338 ad-

586 387 847 434 monitione
866 379 1182 444 negiigentior
1196 377 1268 439 (2)
1283 390 1427 439 quam
1442 381 1635 436 oportet
1649 372 1875 417 exstitero
1892 371 1986 434 (3),

585 477 628 510 vt
651 465 756 509 lieet
780 461 843 506 illi
864 459 960 505 sint
982 451 1430 506 misericordissimi,
1456 449 1538 514 qui
1562 449 1703 494 etiam
1725 448 1989 511 percussori

582 560 665 587 suo
707 544 1050 603 pepercerunt,
1089 549 1247 596 regem
1293 542 1447 575 tamen
1490 544 1656 573 eorum
1671 561 1683 581 ,
1729 527 1991 572 Dominum

584 629 797 665 nostrum
829 615 988 660 Jesum
1009 609 1271 664 Christum,
1299 624 1388 670 pro
1413 606 1543 667 cujus
1566 619 1727 648 amore
1747 603 1870 647 mori
1891 620 1990 649 non

580 694 937 748 dubitaverunt,
958 686 1197 735 offendere
1213 686 1376 738 timeo,
1397 683 1432 728 si
1454 683 1500 727 in
1524 680 1803 727 exhibendis
1823 698 1989 728 eorum

581 771 726 818 cultui
756 768 977 831 congruis
999 762 1260 812 honoribus
1284 779 1359 807 me
1383 760 1590 824 segniter
1615 769 1832 823 agentem
1861 760 1991 804 inve·

582 849 722 895 uerit.
743 844 961 901 Proinde,
985 842 1189 907 piissime
1206 840 1418 895 domine,
1440 837 1769 885 excellentiam
1788 845 1991 884 vesu-am

582 924 826 970 humiliter
847 921 1079 967 admoneo
1106 918 1173 981 (4)
1192 953 1204 974 ,
1239 927 1284 963 et
1320 926 1430 979 peto
1469 924 1522 960 ut
1553 913 1794 961 recordari
1823 912 1991 977 digne-

580 1003 697 1049 mini
730 1002 786 1047 de
820 999 893 1045 illa
929 996 1302 1044 commutatione
1336 994 1454 1049 loci,
1503 993 1552 1038 in
1592 1010 1690 1057 quo
1726 992 1992 1039 veneranda

579 1081 847 1145 Martyrum
867 1093 1065 1140 corpora
1084 1074 1406 1140 requiescunt,
1429 1089 1537 1136 quae
1555 1088 1665 1117 cum
1684 1071 1880 1135 Otgario
1900 1071 1994 1134 epi-

578 1176 720 1223 seopo
746 1158 862 1203 facta
899 1165 994 1210 est,
1031 1163 1076 1201 et
1100 1170 1205 1200 eum
1242 1152 1334 1198 illis
1363 1151 1616 1215 proprium
1641 1149 1874 1204 efficiatis,
1903 1166 1993 1212 pro

576 1254 671 1302 quo
691 1231 932 1281 liberando
954 1231 1208 1296 proprium
1226 1240 1436 1277 vestrum
1458 1229 1633 1274 Sancto
1656 1227 1871 1273 Martino
1900 1236 1994 1272 tra-

576 1312 771 1359 didistis.
800 1312 918 1356 Item
944 1308 1199 1355 admonere
1230 1324 1464 1371 praesumo
1489 1303 1864 1352 misericordiam
1887 1322 1995 1350 ves-

578 1402 696 1436 tram
723 1388 778 1435 de
806 1387 897 1433 illis
923 1387 1038 1433 meis
1063 1385 1379 1450 petitionibus
1411 1383 1616 1448 quibus,
1652 1392 1768 1428 tuuc
1801 1381 1994 1446 quando

575 1465 867 1513 imminentis
896 1464 1122 1510 viciniam
1151 1463 1321 1510 mortis
1345 1461 1598 1517 exhorrui,
1630 1459 1766 1507 vobis
1790 1460 1994 1524 suggessi

573 1557 626 1592 ut
648 1543 824 1609 aliquid
847 1542 903 1589 de
925 1542 1103 1589 nostris
1134 1539 1378 1588 beneficiis
1410 1539 1468 1585 ad
1493 1538 1889 1584 sustentationem
1915 1555 1996 1584 eo·-

573 1640 698 1678 rum,
719 1621 802 1685 qui
818 1622 956 1684 juxta
978 1619 1288 1664 sacratissima
1309 1627 1582 1663 sanctorum
1602 1617 1872 1680 Martyrum
1892 1633 1997 1661 cor—

573 1717 684 1764 pora
708 1701 807 1746 Deo
829 1696 1111 1744 deservituri
1132 1706 1244 1742 sunt
1259 1731 1271 1751 ‚
1297 1695 1471 1743 eisdem
1499 1694 1760 1740 mitissimis
1783 1695 1997 1758 patronis

573 1777 738 1824 vestris
765 1776 875 1822 dare
898 1774 1217 1839 dignaremini
1237 1810 1250 1832 ,
1268 1773 1474 1838 qualiter
1500 1783 1615 1818 tunc
1639 1772 1805 1818 vestris
1829 1770 1997 1837 benig-

573 1854 776 1901 nissimis
802 1849 1201 1915 promissionibus
1227 1868 1358 1914 spem
1383 1849 1501 1896 mihi
1526 1849 1703 1896 fecistis
1727 1850 1860 1914 quod
1883 1849 1998 1897 desi-

575 1928 707 1974 derio
725 1943 831 1973 meo
849 1925 1058 1971 fraudari
1080 1942 1176 1970 uon
1197 1923 1441 1980 deberem,
1461 1934 1525 1980 et,
1547 1941 1646 1970 non
1670 1924 1824 1970 solum
1846 1925 1892 1970 in
1912 1923 1997 1971 hac

579 2022 708 2051 causa
724 2040 735 2059 ,
762 2004 839 2050 sed
864 2004 1005 2049 etiam
1032 2004 1079 2048 in
1107 2020 1162 2049 eo
1185 2012 1240 2047 ut
1264 2001 1360 2057 his,
1394 2018 1515 2066 quos
1535 2001 1593 2047 ad
1618 2002 1866 2048 servitium
1888 2019 1998 2049 ves-

582 2093 709 2127 trum
728 2079 955 2138 enutrivi,
980 2079 1359 2126 misericordiam
1385 2088 1588 2126 vestram
1610 2078 1885 2143 impendere
1907 2079 1995 2143 (5),

629 2321 675 2362 (ι)
701 2315 793 2351 Cod.
814 2316 958 2348 animae
977 2326 1093 2355 meac,
1114 2320 1149 2348 et
1169 2314 1219 2348 sic
1242 2314 1500 2361 diphthongus
1518 2326 1578 2357 ae,
1600 2325 1710 2359 quam
1725 2314 1762 2348 in
1782 2321 1911 2349 caetero
1933 2327 1996 2349 co-

580 2377 672 2418 dice,
694 2373 833 2419 utijam
852 2372 1021 2414 diximus,
1042 2384 1162 2419 supra,
1185 2385 1220 2419 p.
1243 2375 1274 2415 4,
1295 2385 1331 2408 n.
1352 2375 1384 2415 4,
1407 2379 1485 2407 tum
1499 2373 1637 2420 pariter
1654 2372 1896 2418 disjunctam,
1916 2380 1995 2408 tuni

584 2449 646 2483 per
663 2446 771 2469 unam
792 2431 952 2467 litteram
975 2444 992 2465 e
1013 2444 1234 2479 expressam,
1256 2440 1334 2467 tum
1358 2433 1468 2468 etiam
1493 2433 1727 2479 conjunctam
1755 2433 1930 2480 reperiaS,
1960 2434 1996 2468 in

584 2497 652 2531 hoc
671 2494 757 2529 solio
776 2499 984 2527 constanter
1006 2493 1236 2538 exprimitur.

627 2555 678 2599 (2)
704 2552 794 2588 Cod.
820 2552 1076 2584 mnmouitionc
1096 2554 1357 2597 neglegentior.

627 2611 677 2656 (3)
703 2610 792 2646 (jod.
813 2612 979 2644 extitero.

627 2671 678 2714 (4)
703 2669 792 2703 (Σοά,
819 2680 1006 2703 ammoneo
1026 2669 1074 2702 sic
1091 2676 1121 2702 et
1146 2669 1236 2703 infra

628 2726 676 2760 (ὀὶ
703 2726 790 2761 (Ζυά,
811 2725 1008 2771 inpendere
