2105 3348
590 253 639 290 88
1014 244 1268 283 ElNHARDI
1299 241 1572 282 EPISTOLJE.

586 331 782 378 nomine
797 328 856 374 N.
874 325 1056 389 rogavit
1067 341 1142 371 me
1159 324 1421 388 plurimum
1430 334 1485 369 ut
1499 340 1589 387 pro
1602 322 1683 370 illo
1694 323 1816 387 apud
1827 340 1909 371 vos
1923 324 1996 370 in-

587 405 890 458 tercederem,
911 412 965 446 ut
988 418 1095 465 erga
1121 401 1257 447 illum
1274 399 1647 447 misericorditer
1671 417 1804 464 agere
1829 399 1998 464 digna-

585 483 781 538 remini;
809 480 918 544 qui,
946 479 1068 524 sicut
1099 479 1196 542 ipse
1220 482 1407 535 asserit,
1443 478 1491 523 in
1525 494 1690 541 magna
1720 487 1996 541 paupertate

584 559 869 608 constitutus
889 567 975 612 est,
996 566 1042 603 et
1060 574 1190 602 nunc
1202 557 1405 603 maxime
1423 555 1615 621 quando
1630 556 1782 619 ipsum
1797 572 1996 619 parvum

581 634 935 690 beneficiolum,
958 632 1086 698 quod
1106 631 1274 679 habuit
1294 633 1342 679 in
1364 633 1593 696 Bajoaria,
1616 631 1829 678 ablatum
1849 642 1918 678 est
1936 629 1995 676 ab

581 715 663 761 illo
680 749 692 770 ‚
719 722 762 760 et
789 712 923 759 alteri
949 711 1129 757 datum.
1158 712 1219 757 Et
1243 727 1373 756 nunc
1409 710 1559 757 nescit
1589 708 1705 774 quid
1734 726 1893 774 agere,
1922 707 1996 755 vel

578 791 783 856 qualiter
811 789 984 836 seniori
1011 805 1095 834 suo
1117 787 1291 834 servire
1312 786 1506 844 debeat,
1534 787 1653 843 nisi,
1683 804 1768 851 per
1793 795 1995 832 vestram

580 868 988 923 intercessionem,
1014 865 1219 912 domnus
1243 865 1321 911 Hl.
1345 866 1385 912 ei
1405 864 1598 930 aliquod
1615 864 1836 912 solatium
1854 863 1911 909 ad
1926 863 1996 909 vi-

579 957 675 992 tam
687 956 968 1009 praesent-em
982 941 1338 990 sustentandam
1349 942 1460 990 dare
1474 942 1766 1006 dignabitur.
1783 942 1909 1006 Opto
1920 951 1991 996 ut,

578 1024 671 1071 mei
697 1040 907 1080 memor,
929 1039 1113 1086 semper
1133 1019 1254 1068 bene
1277 1021 1424 1067 valeas
1449 1021 1498 1066 in
1516 1020 1752 1077 Domino,
1775 1029 1822 1066 et
1839 1018 1995 1083 parvi-

579 1113 721 1149 tatem
740 1119 892 1148 meam
906 1101 1118 1164 piissimo
1130 1099 1405 1164 imperatori
1420 1098 1752 1146 commendare
1765 1097 1991 1163 digneris.

718 1259 861 1298 XLIX.
897 1260 962 1297 AD
992 1259 1040 1299 N.
1072 1256 1408 1305 ΟΡΤΙΜΑΤΕΜ,
1442 1256 1657 1294 AMICUM
1684 1255 1848 1294 SUUM.

641 1364 959 1411 Dilectissimo
982 1362 1122 1408 fratri
1147 1379 1199 1408 ac
1226 1361 1454 1408 fidissimo
1484 1360 1637 1406 amico
1670 1358 1732 1405 N.
1742 1394 1754 1416 ‚
1787 1357 1996 1423 glorioso

576 1443 812 1507 optimati,
841 1440 1111 1488 Einhardus
1137 1451 1366 1487 aeternam
1387 1439 1437 1484 in
1459 1438 1669 1486 Domino
1693 1436 1909 1483 salutem.
1931 1464 1997 1472 --

577 1521 698 1581 Quia
718 1520 858 1567 fidem
877 1530 1080 1566 vestram
1101 1528 1199 1564 tam
1217 1517 1337 1564 bene
1355 1515 1607 1580 probatam
1628 1514 1797 1572 habeo,
1821 1524 1875 1561 ut
1892 1514 1998 1560 nul-

577 1598 762 1645 latenus
786 1596 1005 1644 dubitare
1027 1596 1203 1661 possim
1228 1596 1372 1660 quin,
1396 1594 1445 1640 in
1471 1592 1695 1641 omnihus
1721 1593 1838 1639 meis
1863 1609 1998 1639 meo-

576 1692 780 1740 rumque
796 1672 1151 1720 necessitatibus
1168 1673 1258 1735 (1),
1282 1671 1339 1717 ad
1355 1682 1526 1719 vestrae
1546 1670 1751 1717 caritatis
1767 1669 1997 1715 auxilium

578 1752 868 1817 confugiam.
893 1751 1075 1798 Idcirco
1102 1762 1148 1798 et
1170 1768 1301 1796 nunc
1321 1760 1578 1814 praesentes
1606 1764 1828 1812 pagenses
1852 1758 1900 1794 et
1919 1747 1994 1794 fa—

576 1831 940 1888 miliaresmeos‚
957 1831 1130 1876 Am.
1152 1840 1199 1876 et
1211 1827 1542 1885 Theothoum‚
1563 1844 1673 1872 cum
1691 1825 1762 1872 his
1780 1826 1851 1890 (2)
1873 1826 1997 1873 litte-

575 1909 658 1967 ris,
685 1908 743 1955 ad
763 1927 844 1957 vos
860 1907 1036 1965 direxi,
1058 1924 1256 1971 precans
1285 1916 1340 1951 ut
1363 1923 1443 1954 eos
1468 1922 1602 1952 more
1622 1904 1764 1951 solito
1783 1914 1998 1951 amanter

577 1987 836 2050 suscipere,
858 1995 906 2032 et
924 1985 974 2031 in
997 1983 1356 2031 necessitatibus
1376 1999 1568 2040 eorum,
1594 2000 1708 2047 quas
1726 1981 1863 2030 vobis
1887 1981 1996 2027 insi-

576 2066 850 2122 nuaverint,
869 2064 994 2128 apud
1011 2064 1244 2110 domnum
1267 2063 1345 2109 Hl.
1368 2072 1639 2126 augustum,
1662 2071 1708 2107 et
1725 2061 1996 2124 piissimum

577 2151 761 2205 patrem
780 2143 876 2204 ejus
903 2139 1120 2203 adjuvare
1143 2139 1434 2204 dignemini,
1458 2138 1523 2184 sic
1544 2147 1597 2183 ut
1617 2137 1685 2183 illi
1705 2137 1923 2184 similiter
1944 2137 1992 2183 in

577 2216 732 2274 vobis,
745 2217 866 2263 sicut
881 2227 927 2264 et
948 2233 1051 2280 ego,
1073 2234 1296 2281 magnam
1315 2215 1519 2262 habeant
1539 2213 1779 2268 fiduciam,
1792 2213 1919 2277 Opto
1938 2206 1994 2258 ut

578 2311 762 2358 semper
784 2293 906 2340 bene
930 2294 1142 2348 valeatis,
1167 2294 1432 2341 amicorum
1463 2291 1645 2356 optime
1671 2301 1812 2356 atque
1844 2290 1993 2336 caris-

576 2389 708 2418 sime.

623 2571 673 2612 (ι)
698 2567 790 2603 Cod.
808 2567 860 2602 acl
879 2567 1168 2602 necessitalibus.

621 2630 670 2673 (2)
695 2627 785 2664 Cod.
803 2631 863 2662 εἰςΔ
