2105 3348
585 332 665 368 360
881 326 1122 364 HISTORIA
1153 326 1552 364 TRANSLATIONIS
1571 356 1580 373 ‚
1612 342 1692 366 E'rc.

582 408 672 455 Sed
690 408 864 453 mirum
893 408 941 452 111
966 406 1184 460 modum,
1212 405 1325 452 dum
1353 416 1510 453 custos
1534 405 1622 451 sibi
1650 406 1813 452 datum
1832 425 1993 454 accen-

580 487 673 542 dit,
709 485 786 531 ille
817 485 897 548 qui
925 484 972 529 in
1003 501 1148 529 manu
1178 484 1368 530 seminae
1400 483 1649 541 remansit,
1679 484 1863 530 cunctis
1893 502 1991 532 cer-

579 559 803 609 nentibus
823 560 1052 607 divinitus
1076 578 1296 607 3006115115
1321 570 1408 606 est.

642 795 721 841 89.
749 795 1090 841 Monasterium
1115 793 1577 849 sanctimonialium,
1601 793 1720 839 Eike
1738 791 1996 848 vocabulo,

576 873 721 917 situm
745 889 884 936 super
905 872 1087 919 Mosam
1113 871 1312 918 fluvium
1337 884 1422 919 est.
1457 873 1512 917 In
1535 889 1633 936 quo
1658 871 1875 936 quaedam
1899 873 1997 918 Deo

574 959 776 1007 sacrata,
803 950 1000 997 nomine
1024 950 1176 1014 Saliga
1193 986 1205 1007 ,
1229 960 1335 997 toto
1354 967 1584 1014 corpore,
1608 959 1806 1012 excepto
1831 948 2000 995 dextro

573 1026 797 1086 brachio,
824 1028 931 1074 diro
955 1028 1181 1093 paralysis
1207 1027 1381 1075 morbo
1404 1027 1632 1074 dissoluta
1653 1026 1854 1090 jacebat.
1878 1027 1999 1072 Huic

572 1122 657 1169 per
682 1106 891 1169 quietem
918 1106 1112 1170 quidam
1148 1124 1202 1152 ex
1234 1106 1404 1152 vicinis
1438 1107 1532 1151 suis
1564 1107 1794 1161 astitisse,
1833 1123 1885 1151 ac
1917 1104 1997 1150 tali

571 1201 791 1231 sermone
811 1202 911 1231 63111
933 1184 1237 1248 compellasse
1260 1185 1385 1230 visus
1405 1195 1491 1241 est,
1516 1194 1570 1230 ut
1588 1184 1767 1230 diceret
1789 1204 1798 1229 ε
1823 1204 1845 1227 «
1872 1182 1997 1242 Quid

571 1259 739 1325 agis?»
786 1261 873 1307 Cui
900 1279 1010 1307 cum
1036 1261 1111 1306 illa
1130 1298 1141 1320 ,
1171 1279 1271 1308 non
1297 1260 1424 1307 aliud
1450 1278 1593 1326 quam
1616 1279 1663 1307 56
1689 1260 1736 1306 111
1763 1259 1887 1307 lecto
1911 1276 1997 1306 suo

570 1339 833 1402 quiescere,
872 1338 1219 1402 respondisset,
1255 1359 1278 1383 κ
1297 1339 1578 1395 Audistine,
1606 1338 1790 1403 inquit,
1818 1336 1997 1402 aliquid

571 1414 629 1462 de
662 1415 875 1472 Sanctis,
912 1417 994 1480 qui
1034 1416 1082 1461 in
1122 1417 1344 1480 Trajecto
1376 1416 1434 1462 ad
1466 1416 1515 1462 S.
1555 1416 1822 1462 Servatium
1853 1431 1996 1461 vene-

571 1490 755 1537 runtP»
778 1493 864 1538 Cui
897 1510 1006 1538 cum
1035 1493 1157 1539 nihil
1182 1493 1239 1539 de
1267 1492 1337 1539 his
1363 1510 1410 1540 se
1434 1492 1619 1539 audisse
1651 1491 1992 1556 respondisset,

574 1568 780 1633 «Surge,
810 1569 890 1627 ait,
918 1570 1166 1628 velociter,
1194 1580 1336 1635 atque
1358 1570 1471 1615 illuc
1496 1580 1813 1633 properanter
1832 1569 1996 1615 venire

572 1647 838 1702 contende;
870 1664 982 1693 nam
1011 1646 1075 1694 ibi
1111 1666 1156 1694 es
1187 1648 1406 1695 omnium
1432 1646 1765 1694 membrorum
1801 1656 1996 1692 tuorum

572 1735 822 1788 receptura
850 1725 1116 1772 sanitatem.
1147 1745 1170 1769 »
1198 1725 1287 1772 Sed
1314 1743 1424 1771 cum
1446 1725 1770 1790 expergefacta
1798 1723 1918 1770 nihil
1941 1723 1998 1770 de

573 1801 646 1848 his
670 1802 823 1849 facere
855 1814 1078 1861 curasset,
1110 1803 1285 1850 iterum
1310 1803 1526 1868 sequenti
1555 1812 1699 1849 nocte
1721 1800 1780 1848 ab
1809 1801 1993 1857 eodem,

575 1879 717 1925 simili
737 1880 907 1937 modo,
933 1891 1002 1927 est
1018 1881 1261 1928 admonita
1285 1892 1338 1927 ut
1357 1882 1632 1945 Trajectum
1650 1891 1884 1945 pergeret.
1914 1879 1996 1926 Illa

577 1968 761 2016 tamen,
791 1969 845 2004 ut
870 1960 1028 2023 prius,
1052 1971 1207 2023 spreta
1233 1961 1475 2007 monentis
1501 1977 1642 2017 voce,
1669 1977 1767 2025 quo
1799 1956 1999 2023 jubeba-

577 2046 657 2081 tur
679 2036 863 2083 distulit
887 2036 1139 2102 proficisci.
1162 2038 1324 2084 Tertia
1344 2055 1458 2085 vero
1479 2048 1620 2085 nocte
1642 2037 1759 2083 vidit
1779 2035 1998 2083 eumdem

578 2112 667 2159 sihi
694 2125 868 2172 astare,
894 2126 941 2162 et
960 2133 1071 2162 cum
1092 2116 1295 2180 quadam
1313 2116 1585 2173 severitate,
1610 2133 1696 2162 cur
1714 2115 1898 2162 monita
1918 2132 1996 2159 sua

581 2193 964 2256 contempsisset,
1010 2194 1334 2258 interrogare;
1370 2193 1667 2258 baculoque,
1703 2210 1846 2257 quem
1884 2201 1998 2236 tunc

581 2286 726 2314 manu
752 2279 912 2316 tenere
931 2269 1197 2327 videbatur,
1219 2270 1339 2316 latus
1364 2273 1460 2333 ejus
1485 2279 1758 2334 percutere,
1782 2279 1925 2333 atque
1945 2278 1999 2314 ut

582 2347 854 2409 Trajcctum
881 2346 1108 2393 velociter
1137 2359 1377 2410 pergeret,
1406 2348 1654 2412 imperare.
1681 2347 1778 2393 Nec
1805 2346 1881 2392 illa
1900 2348 1999 2410 jam

583 2442 689 2470 ausa
715 2426 854 2471 trinae
877 2425 1072 2484 yisionis
1096 2426 1368 2472 auctoritati
1402 2426 1617 2473 resistere
1634 2461 1647 2482 ,
1677 2426 1836 2471 accitis
1869 2425 1925 2471 ad
1952 2443 1999 2471 se

583 2502 867 2566 propinquis
896 2512 943 2548 et
957 2503 1136 2558 amicis,
1159 2503 1449 2565 Trajectum,
1476 2513 1530 2548 ut
1557 2501 1847 2567 sibijussum
1879 2512 1994 2558 erat,

583 2580 860 2637 deducitur,
908 2591 955 2626 et
998 2581 1046 2626 in
1090 2579 1277 2626 basilica
1320 2581 1373 2626 B.
1423 2582 1623 2629 Servatii
1666 2583 1801 2645 juxta
1844 2598 1998 2626 sacros

584 2662 847 2721 Martyrum
880 2658 1059 2705 cineres
1097 2658 1375 2705 collocatur.
1409 2659 1625 2724 Cumque
1658 2659 1722 2704 ibi
1754 2658 1999 2723 promissae

584 2736 794 2781 sanitatis
828 2735 1185 2800 praestolaretur
1213 2748 1435 2783 eventum
1453 2773 1466 2793 ,
1501 2738 1674 2802 quinto
1702 2735 1894 2782 demum
1922 2734 1998 2781 die

585 2814 971 2879 postquamilluc
995 2825 1211 2870 venerat,
1234 2832 1343 2861 011111
1367 2832 1533 2879 magna
1558 2814 1776 2861 omnium
1795 2812 1996 2859 admira-
