2105 3348
532 354 606 389 413
972 342 1224 381 fflNHARDI
1256 342 1486 379 CHARTAE.

1040 527 1090 564 II.
1127 525 1428 564 DESCRIPTIO

680 640 861 675 Locorum
879 665 886 681 ,
910 635 1231 684 terminorumque
1258 633 1355 669 villae
1374 632 1619 671 Miclielstadt
1641 633 1685 669 ab
1706 634 1787 684 ipso

1025 701 1216 738 Einhardo
1242 700 1339 738 facta
1359 702 1434 753 (ι).

586 850 824 910 Quoniam
847 860 959 894 sunt
984 847 1202 911 quidam,
1230 847 1311 911 qui
1333 845 1456 893 fastu
1479 847 1675 892 seculari
1696 858 1936 914 turgentes

520 941 565 977 ct
591 929 862 991 semetipsos
886 935 1113 980 amante-S,
1143 941 1168 969 a
1187 923 1360 969 Christi
1386 923 1602 970 fidelibus
1627 926 1767 971 sacris
1792 927 1937 973 eccle-

519 1009 596 1053 siis
625 1024 705 1054 seu
737 1003 1034 1051 monasteriis
1067 1001 1333 1048 contradita
1358 1002 1617 1058 invadunt,
1654 1014 1734 1049 aut
1761 1014 1815 1050 ut
1848 1004 1937 1051 sihi

518 1083 820 1133 haereditario
832 1084 941 1145 jure
957 1081 1215 1138 retineant,
1236 1090 1317 1124 aut
1335 1080 1563 1125 mundiali
1583 1079 1774 1128 baltheo
1794 1083 1842 1128 in
1857 1081 1939 1129 be·-

519 1161 690 1209 neficio
714 1159 926 1206 dividant.
959 1177 967 1202 :
1000 1174 1105 1220 ego·
1123 1156 1422 1214 Einhardus‚
1451 1175 1510 1203 ne
1535 1158 1582 1203 in
1612 1157 1682 1203 his
1699 1194 1712 1215 ,
1748 1176 1855 1223 quae
1881 1159 1938 1207 de

518 1240 645 1304 regia
661 1255 805 1285 manu
824 1235 1092 1283 Hludowici
1117 1234 1417 1297 imperatoris
1437 1234 1486 1280 in
1504 1234 1611 1281 loco
1632 1235 1939 1283 Michlenstat

519 1314 752 1371 contraxi,
775 1330 941 1359 manus
960 1311 1238 1375 iniquorum
1255 1310 1524 1373 praevaleat,
1547 1310 1776 1369 advertat,
1804 1311 1937 1359 obse-

520 1410 620 1451 cro,
647 1391 857 1438 fidelium
887 1400 983 1435 tam
1011 1388 1313 1453 sequentium
1340 1406 1483 1453 quam
1508 1390 1816 1452 praesentium
1843 1409 1939 1439 me-

518 1470 670 1516 moria
688 1505 701 1526 ,
724 1467 929 1533 qualiter
955 1467 1004 1512 in
1035 1483 1188 1511 unum
1220 1466 1316 1511 sint
1347 1466 1567 1524 collecta,
1599 1467 1831 1532 quibusve
1855 1487 1940 1515 ex—

519 1564 673 1611 pressa
685 1543 942 1592 vocabulis.
957 1544 1212 1607 Postquam
1231 1560 1339 1589 eum
1359 1542 1519 1590 locum
1534 1546 1940 1607 praenominatum

520 1621 993 1669 Laureshamensium
1039 1619 1356 1667 dominationi
1409 1619 1660 1685 subjugare
1698 1622 1903 1686 disposui
1923 1660 1935 1680 ,

524 1701 709 1747 adscitis
746 1698 920 1764 quibus
949 1707 1124 1746 notum
1150 1697 1332 1754 fuerat,
1365 1699 1625 1744 terminum
1645 1709 1692 1746 et
1713 1699 1941 1747 vocabula

526 1779 744 1825 locorum
782 1776 1035 1841 diligenter
1065 1775 1366 1839 investigavi,
1409 1787 1455 1822 et
1495 1777 1676 1822 recenti
1715 1778 1943 1824 memoria

528 1856 769 1904 notarium
801 1871 961 1900 meum
984 1851 1249 1898 Lutherum
1281 1854 1547 1916 exprimere
1581 1854 1752 1901 litteris
1780 1855 1896 1919 Jussi
1931 1877 1942 1902 ;

529 1952 579 1980 ea
603 1933 821 1980 videlicet
845 1932 1298 1994 circumspectione,
1332 1932 1442 1996 quia
1465 1932 1732 1980 multorum
1755 1951 1947 1982 monas-

531 2012 764 2058 teriorum
782 2009 846 2056 eis
867 2008 1045 2072 praedia
1067 2011 1453 2073 conjunguntur,
1481 2019 1527 2056 et
1546 2009 1843 2058 diversorum
1862 2011 1946 2060 do-

530 2089 776 2134 minorum
805 2086 1031 2133 beneficia
1068 2086 1438 2150 circumquaque
1471 2088 1804 2135 terminantur.
1835 2090 1948 2137 Haec

534 2167 681 2230 igitur
702 2168 1018 2212 terminorum
1045 2164 1144 2211 loca
1160 2173 1207 2210 et
1223 2164 1442 2211 locorum
1460 2164 1687 2212 vocabula
1705 2166 1949 2231 designan-

537 2255 614 2290 tur
628 2243 718 2290 hoc
732 2242 876 2289 modo
896 2263 905 2287 :
925 2242 1085 2288 Duma
1103 2252 1269 2288 monte
1284 2242 1582 2289 Mamenhart
1598 2245 1667 2308 (2)
1688 2245 1944 2309 incipiunt,

536 2333 582 2369 ct
609 2332 765 2367 totum
791 2320 992 2366 eundem
1015 2330 1229 2366 montem
1257 2337 1401 2384 usque
1422 2320 1479 2365 ad
1502 2320 1705 2383 plateam
1729 2339 1949 2386 compre-

538 2394 776 2449 hendunt3
804 2411 826 2438 a
851 2392 1003 2456 platea
1026 2410 1173 2456 usque
1204 2392 1260 2438 ad
1282 2392 1520 2455 duplicem
1542 2411 1773 2458 quercum
1788 2415 1800 2452 ς
1841 2396 1950 2444 inde

583 2585 593 2628 (
603 2584 634 2628 ι)
659 2582 836 2629 Imprime
854 2593 919 2628 par
936 2581 1088 2624 Freher,
1110 2581 1196 2615 Rer.
1212 2594 1325 2628 germ.
1349 2583 1496 2629 Script„
1517 2583 1554 2626 I,
1575 2583 1622 2619 65
1633 2599 1642 2628 ;
1661 2585 1847 2631 Helwich,
1864 2587 1949 2622 An-

539 2649 655 2693 aquic.
686 2644 874 2685 Laurislz„
901 2657 936 2690 p.
965 2643 1029 2687 433
1058 2643 1259 2689 Tolum-us,
1295 2645 1381 2680 cod.
1411 2646 1603 2693 diplomat.
1632 2649 1813 2694 Palatia„
1840 2664 1878 2699 p.
1904 2664 1948 2701 73

538 2711 779 2753 XVeinckens,
800 2710 942 2755 Eginh.
963 2710 1152 2753 illustrat„
1179 2723 1215 2756 p.
1242 2723 1325 2759 107;
1347 2719 1383 2747 et
1398 2719 1485 2747 tom.
1509 2713 1544 2757 I,
1567 2727 1604 2761 p.
1621 2714 1683 2760 48,
1705 2724 1745 2751 n⁰
1763 2729 1841 2762 xxi,
1861 2717 1949 2754 dans

538 2776 568 2809 lc
593 2774 717 2809 codex
739 2774 979 2808 Lauresltam.

583 2842 632 2882 (α)
658 2838 901 2883 Αιι]ς)ιιι·ιὶἹιιιί
923 2839 1098 2880 Momm-t,
1119 2840 1136 2873 a
1158 2841 1172 2882 3}
1190 2838 1283 2873 liene
1303 2839 1348 2874 N.
1369 2839 1414 2874 ‹le
1435 2840 1677 2877 Michelstadt,
