2105 3348
543 259 594 294 60
966 251 1219 289 EINIIARDI
1252 249 1522 288 EPISTOLJE.

541 352 563 378 a
592 333 689 379 Deo
711 330 843 377 vobis
870 345 1165 385 concessam,
1193 328 1391 375 caveatis
1417 327 1682 391 periculum
1713 339 1919 375 vestrum
1940 366 1950 385 ,

542 428 696 474 neque
721 406 1018 453 arbitremini
1045 404 1165 451 hanc
1184 405 1393 451 divinam
1420 405 1701 452 sententiam
1727 423 1862 470 posse
1880 407 1956 470 (i)

544 506 564 532 a
601 483 817 550 quolibet
844 484 1115 539 contemni,
1156 483 1266 530 licet
1298 484 1346 529 in
1379 483 1522 530 veteri
1558 483 1657 547 lege
1690 485 1955 548 conscripta

544 565 619 610 sit.
655 563 738 608 Est
770 562 897 608 enim
929 578 1020 606 una
1054 561 1110 608 de
1144 561 1332 618 multis,
1375 579 1489 625 quas
1523 563 1723 624 maj0res
1757 579 1809 608 ac-
1838 562 1957 609 doc-

545 651 668 686 tores
700 639 877 695 nostri,
911 639 1057 684 sancti
1083 639 1157 702 (2)
1187 638 1403 685 videlicet
1424 641 1602 697 Patres,
1630 648 1725 684 tam
1747 656 1959 703 praesen-

547 717 670 763 tibus
705 734 845 781 quam
880 716 1046 779 priscis
1081 717 1151 779 (5)
1187 714 1509 780 temporibus,
1559 725 1653 761 tam
1692 714 1959 761 christianis

544 812 685 859 qnam
703 794 872 858 judaeis
887 829 898 851 ,
922 792 1237 840 observandas
1260 811 1355 840 esse
1376 802 1683 840 censuerunt.
1707 791 1830 839 Amo
1852 810 1956 850 vos,

544 872 666 918 Deus
690 873 802 928 scit,
831 881 877 917 et
906 869 1010 916 ideo
1035 881 1131 915 tam
1158 869 1442 916 fiducialiter
1466 868 1699 917 admoneo
1731 890 1740 915 :
1770 886 1855 915 nec
1880 886 1961 916 vos

545 950 775 995 vilitatem
809 950 880 1013 (si)
906 966 1122 1014 personae
1155 948 1484 1006 admonentis,
1522 949 1601 995 sed
1637 947 1961 995 salubritatem

547 1028 749 1085 consilii,
780 1028 1077 1076 considerare
1103 1027 1300 1075 debetis.
1328 1027 1483 1091 Opto,
1510 1037 1600 1074 ete.

941 1341 1105 1380 XXXV.
1139 1342 1203 1379 AD
1233 1341 1281 1381 N.
1315 1340 1571 1381 ABBATEM.

614 1448 821 1495 Domino
847 1459 1011 1496 sancto
1029 1459 1075 1494 et
1093 1449 1268 1495 merito
1288 1465 1449 1495 vener.
1471 1447 1554 1503 N.‚
1579 1446 1965 1494 reverentissimo

548 1523 729 1584 abbati,
756 1525 816 1571 N.
852 1526 912 1589 [i.
943 1543 983 1571 e.
1018 1523 1312 1589 Einhardus]
1339 1534 1577 1589 peccator.
1604 1552 1665 1560 —
1686 1524 1966 1570 Amicorum

549 1618 765 1648 meorum
788 1601 1017 1648 relatione
1040 1601 1182 1647 didici
1206 1601 1267 1647 N.
1288 1600 1583 1647 —abbatem
1607 1618 1666 1646 an
1692 1600 1967 1665 episcopum

549 1678 797 1724 nominare
835 1677 1031 1725 debeam
1071 1679 1242 1742 ignoro
1260 1714 1272 1734 ‚
1312 1679 1416 1743 quis
1456 1677 1533 1725 ille
1569 1678 1629 1723 sit
1664 1695 1746 1724 vos
1786 1676 1969 1740 optime

550 1756 698 1803 nostis
714 1785 777 1792 —
793 1756 922 1821 quod
942 1757 990 1802 in
1011 1756 1171 1811 rebus,
1192 1756 1249 1802 ad
1269 1774 1406 1802 suum
1426 1756 1698 1820 profectum
1716 1755 1968 1820 pertinen—

552 1831 694 1889 tibus,
722 1844 879 1880 vestro
903 1832 1079 1879 salubri
1107 1844 1152 1880 et
1177 1833 1549 1897 prudentissimo
1575 1832 1722 1879 soleat
1751 1832 1821 1877 uti
1850 1848 1968 1876 0011-

548 1909 671 1957 silio.
701 1909 1005 1974 Quapropter
1028 1911 1181 1955 visum
1201 1920 1269 1957 est
1294 1909 1411 1956 mihi
1437 1920 1642 1957 vestram
1669 1908 1968 1955 sanctitatem

550 1989 728 2052 precari
759 2000 811 2034 ut
836 1989 959 2053 apud
991 2000 1311 2035 memoratum
1334 1989 1489 2035 virum
1513 2005 1603 2053 pro
1626 1997 1800 2052 nepote
1825 1986 1968 2050 ipsius

550 2065 806 2121 Eburone‚
839 2068 922 2131 qui
957 2083 1087 2112 nunc
1123 2067 1263 2114 Metis
1291 2076 1532 2124 moratur,
1571 2066 1730 2130 loqui,
1765 2080 1969 2128 eumque

551 2161 716 2208 rogare
731 2145 805 2207 (5)
826 2143 1086 2209 dignemini
1109 2156 1160 2190 ut
1176 2163 1285 2192 eum
1301 2163 1407 2208 spe,
1427 2162 1570 2208 quam
1591 2144 1657 2189 illi
1679 2143 1855 2189 fecerat
1874 2141 1941 2204 (6)
1954 2177 1964 2196 ,

554 2239 653 2269 11011
679 2222 943 2278 fraudaret,
981 2222 1058 2269 sed
1083 2224 1241 2287 potius
1266 2224 1312 2270 in
1343 2223 1572 2288 promissa
1600 2222 1640 2268 ei
1670 2238 1776 2286 erga
1801 2238 1847 2267 se
1880 2219 1967 2266 be-

601 2448 651 2492 (i)
676 2446 765 2481 Cod.
783 2448 898 2492 possit
904 2474 972 2480 .....
996 2451 1202 2493 contempti.

601 2508 650 2552 (2)
677 2505 765 2542 Cod.
790 2511 943 2541 tactor-es
963 2520 997 2540 n.
1019 2520 1099 2541 cum
1119 2521 1155 2542 v.

601 2565 650 2612 (5)
677 2565 774 2600 Edit.
788 2567 997 2611 prseteritis.

601 2627 652 2671 (4)
677 2625 770 2660 Cod.
788 2626 992 2660 utilitatem.

600 2686 649 2731 (5)
675 2685 766 2721 Cod.
785 2699 821 2720 n.
839 2686 980 2720 sslctam
1001 2691 1179 2721 moratum
1195 2688 1217 2720 l.
1239 2699 1316 2720 eum
1334 2699 1440 2731 quem
1456 2700 1484 2721 r.

602 2745 650 2788 (6)
675 2744 763 2779 (lod.
787 2745 858 2779 illis
874 2751 1005 2779 ecerat.
