1979 3348
472 348 793 386 MARCELLINI
816 348 878 386 ET
902 347 1068 386 PETRI.

71 436 164 477 Una
186 434 296 477 dicta
318 444 377 477 est
398 435 563 477 Lucilla
579 469 587 483 ,
613 436 890 493 Firminaque
911 435 1063 486 altera,

68 513 220 554 Veram
242 513 358 570 puris
379 513 605 554 retinentes
623 512 782 555 Christi
804 511 931 554 fidem
956 512 1183 565 cordibus,

68 588 177 647 Quae
199 590 448 647 propinquae
470 598 532 631 ter
557 589 669 631 beati
688 589 884 646 martyris
904 588 1117 641 Tiburtii,

67 664 134 706 Ad
158 664 270 707 illius
290 675 605 708 sacrosanctum
627 665 856 708 assidentes
877 665 1089 708 tumulum
1105 699 1115 716 ‚

66 742 156 782 Deo
179 751 317 798 gratas
338 741 556 799 vigilando
579 741 793 784 ducebant
813 741 1026 785 excubias.

67 817 238 876 Quibus
260 819 369 876 ipse,
395 835 491 861 cum
516 819 647 862 beatis
669 829 799 862 semet
821 820 1120 862 comitantibus
1135 853 1145 869 ,

65 896 317 939 Marcellino
342 906 468 956 atque
488 898 639 949 Petro,
663 897 883 940 manifeste
904 897 1049 940 retulit

64 973 145 1015 Per
167 989 361 1032 soporem
377 1008 387 1026 ,
413 973 488 1016 ubi
510 990 627 1017 sacra
647 974 880 1032 jacuissent
901 990 1082 1034 corpora

64 1050 309 1093 Eorundem
336 1050 567 1093 electorum
584 1085 594 1103 ,
623 1061 750 1110 atque
771 1050 898 1094 simul
920 1050 1122 1093 admonet

63 1129 122 1170 Ut
142 1138 289 1170 euntes
311 1128 468 1187 absque
490 1146 610 1172 mora
626 1163 636 1181 ,
664 1129 736 1171 illa
760 1130 899 1172 statim
923 1128 1145 1181 auferant,

62 1206 114 1247 Et
136 1206 179 1247 in
203 1216 350 1264 crypta
370 1222 493 1248 suum
515 1223 647 1265 prope
675 1218 826 1250 curent
851 1223 1005 1265 corpus
1030 1222 1205 1265 ponere.

63 1281 174 1339 Quae
196 1283 414 1341 praeceptis
438 1283 738 1341 obsequentes,
763 1284 941 1341 Nigram
964 1283 1111 1325 silvam
1138 1282 1319 1331 adeunt,

63 1358 346 1418 Sublatosque
370 1360 590 1403 beatorum
614 1361 712 1403 inde
733 1371 903 1419 portant
923 1361 1109 1414 cineres,

63 1437 114 1478 Et
135 1438 177 1478 in
201 1453 328 1496 specu
356 1437 640 1496 deponentes,
665 1439 783 1495 jusso
812 1438 907 1480 loco
934 1437 1163 1480 tumulant.

63 1513 184 1571 Quas
209 1514 262 1556 ad
284 1516 360 1556 ista
385 1514 626 1574 peragenda
651 1514 862 1571 adjuvisse
881 1516 942 1570 (1)
962 1514 1152 1557 referunt

62 1589 181 1631 Duos
203 1590 411 1648 quosdam
437 1590 489 1632 de
511 1601 681 1634 sa'cratae
706 1590 815 1633 sedis
837 1591 1078 1650 apostolicae

63 1666 262 1718 Clericis,
287 1683 394 1725 quos
419 1666 525 1709 ordo
549 1683 666 1710 sacer
691 1669 885 1710 nominat
908 1667 1129 1725 acolythos
1147 1669 1225 1723 (2).

125 1749 195 1787 15.
230 1745 332 1788 Haec
353 1754 400 1787 ut
421 1754 536 1803 gesta
560 1744 823 1797 reseruntur,
850 1744 1042 1787 retulisse
1065 1754 1256 1786 asserunt

62 1821 188 1865 Illum
212 1824 375 1882 ipsum,
399 1824 474 1881 qui
496 1822 664 1866 eosdem
688 1824 903 1865 interemit
920 1833 1149 1880 martyres,

61 1899 115 1941 Et
134 1898 187 1940 ab
209 1898 283 1941 illo
307 1898 503 1941 didicisse
519 1899 754 1940 Damasum
775 1898 1048 1957 pontificem,

63 1976 197 2029 Cum,
221 1986 339 2020 aetate
364 1976 542 2036 puerili,
571 1992 647 2035 per
669 1975 815 2019 eadem
835 1986 1026 2035 tempora
1040 2009 1050 2029 ,

63 2053 152 2096 Sub
170 2054 374 2112 magistro
398 2054 683 2106 ministraret,
705 2063 746 2096 et
766 2052 819 2095 ad
840 2069 1045 2111 magnum
1065 2063 1271 2096 cresceret

62 2133 222 2174 Rerum
247 2131 440 2184 culmen,
467 2141 569 2174 tunc
590 2132 786 2173 Romana
810 2130 942 2173 lector
962 2131 1005 2172 in
1029 2131 1230 2184 ecclesia,

62 2208 162 2251 Post
183 2208 272 2251 haec
294 2218 448 2251 cuncta
475 2223 728 2250 memorasse
745 2240 756 2260 ,
780 2223 829 2250 ac
850 2207 1072 2259 mandasse
1103 2208 1250 2250 litteris
1267 2241 1276 2259 ,

63 2285 173 2328 Cum
196 2286 311 2328 illius
332 2286 454 2329 almae
476 2286 585 2328 sedis
604 2286 818 2329 obtineret
840 2287 902 2343 (3)
934 2287 1119 2345 apicem,

64 2364 116 2404 Et
133 2363 177 2404 in
199 2373 287 2405 tota
309 2363 550 2422 principatu
574 2363 753 2421 polleret
775 2363 968 2406 ecclesia.

63 2439 139 2482 Ille
160 2450 300 2482 autem
316 2473 326 2492 ,
349 2441 424 2498 qui
444 2440 589 2483 beatos
610 2450 816 2499 martyres
839 2451 1119 2500 percusserat,

64 2518 309 2561 Dorotheus
328 2528 613 2575 cognomento
631 2552 640 2570 ,
665 2534 740 2577 per
764 2518 955 2561 divinam
978 2519 1157 2577 gratiam

115 2727 165 2769 (1)
191 2723 283 2760 Cod.
305 2723 515 2770 adjuvasse.

113 2791 163 2834 (2)
189 2788 281 2823 Cod.
303 2788 466 2822 acolitos.

114 2853 165 2899 (3)
191 2852 282 2889 Cod.
305 2854 494 2898 oplt'nerel.

1401 352 1479 390 409
