2105 3348
640 277 715 316 248
944 274 1184 312 HISTORIA
1215 273 1637 325 TRANSLATIONIS‚
1670 289 1748 315 Ere.

633 358 679 404 in
707 376 802 422 quo
840 374 965 401 nunc
991 355 1294 419 requiescunt
1315 390 1325 408 ,
1356 371 1463 400 cum
1502 355 1681 418 ingenti
1709 356 1917 403 fidelium
1951 374 2045 419 p0-·

630 435 854 499 pulorum
882 433 1173 479 exultatione
1195 432 1398 496 perlata,
1423 442 1495 487 et,
1530 432 1774 479 celebratis
1801 435 1846 479 in
1875 451 2042 497 campo

629 512 887 571 missarum}
917 510 1185 565 solemniis,
1229 508 1447 555 manibus
1476 510 1800 566 sacerdotum,
1831 527 2041 574 quorum

626 588 688 634 ibi
712 599 826 634 tunc
847 604 943 634 non
968 605 1139 651 parvus
1159 605 1384 633 numerus
1403 599 1502 634 erat
1527 598 1839 652 congregatus
1856 623 1868 644 ,
1895 589 1943 633 in
1963 586 2039 633 ha-

623 665 801 710 silicam
821 664 1067 727 deportata
1100 675 1212 710 sunt
1227 698 1238 719 ‚
1277 663 1604 729 feretrumque
1623 681 1720 728 quo
1744 662 2039 710 vehebantur

616 744 749 805 juxta
775 741 921 787 altare
947 742 1154 804 positum
1181 751 1274 795 est,
1300 751 1345 788 et
1371 741 1543 787 iterum
1567 740 1695 786 aliud
1720 740 1926 787 officium
1947 740 2038 786 ibi-

619 820 723 867 dem
767 819 993 866 celebrari
1025 830 1269 883 coeptum,
1311 818 1470 866 subito
1509 818 1702 884 quidam
1739 818 2032 874 adolescens,

620 915 790 944 renum
819 898 1131 945 dissolutione
1153 898 1347 944 affectus
1372 907 1514 961 atque
1545 897 1650 945 ideo
1676 915 1846 943 curvus
1870 914 1922 942 ac
1946 895 2034 941 ba·-

618 976 734 1022 culis
763 977 998 1031 innitens,
1028 975 1084 1021 (le
1116 974 1265 1020 media
1302 975 1653 1021 circumstantis
1676 974 1843 1038 populi
1866 973 2033 1019 multi-

616 1055 781 1101 tudine
814 1055 1058 1118 prorupit,
1090 1070 1229 1118 seque
1268 1053 1325 1098 ad
1361 1052 1655 1100 adorandum
1681 1052 1911 1100 inclinare
1943 1070 2031 1098 cu-

615 1134 774 1197 pienS,
817 1134 862 1178 in
896 1149 1045 1197 genua
1077 1129 1368 1195 procubuit3
1401 1131 1479 1176 sed
1509 1132 1683 1176 mirum
1720 1131 1767 1175 in
1803 1131 1996 1176 modum
2016 1166 2026 1185 ‚

613 1212 743 1259 velut
765 1211 926 1276 aliquo
950 1227 996 1256 se
1015 1209 1272 1256 revellente
1295 1209 1367 1255 vel
1389 1209 1548 1272 potius
1569 1209 1842 1255 retrahente
1861 1244 1873 1264 ‚
1901 1209 2030 1272 supi-

612 1307 701 1336 nus
743 1288 937 1343 cecidit,
980 1286 1241 1351 similisque
1273 1286 1531 1332 dormienti
1571 1285 1834 1332 diutissime
1857 1286 2024 1348 jacuit.

610 1365 735 1409 Tum
757 1362 889 1428 quasi
913 1360 1160 1424 evigilans,
1190 1360 1236 1405 in
1270 1377 1448 1406 sessum
1471 1378 1518 1407 se
1550 1361 1730 1415 erexit3
1767 1377 1819 1405 ac
1859 1358 2027 1406 deinde

607 1452 717 1506 post
747 1440 994 1505 paululum
1010 1475 1021 1496 ,
1044 1439 1179 1485 nullo
1205 1438 1575 1486 adminiculante
1592 1475 1604 1494 ,
1631 1439 1858 1498 surrexit,
1881 1449 2027 1485 stans-

606 1538 699 1587 que
727 1521 773 1566 in
805 1517 961 1565 medio
987 1516 1285 1563 circumfusae
1311 1516 1660 1573 multitudinis,
1685 1535 1776 1563 una
1800 1534 1909 1563 cum
1930 1535 2025 1563 cae-

607 1598 719 1644 teris
737 1597 794 1643 de
810 1606 997 1660 recepta
1015 1595 1212 1641 sanitate
1230 1596 1402 1658 gratias
1418 1595 1600 1659 agendo
1616 1631 1628 1651 ,
1652 1596 1735 1641 Dei
1760 1596 2023 1643 misericor-

604 1675 729 1721 diam
767 1672 1066 1720 collaudavit.
1097 1671 1184 1717 Hic
1218 1689 1264 1718 se
1289 1671 1345 1718 de
1369 1689 1491 1735 pago
1528 1672 1756 1718 Portiano
1787 1689 1895 1718 cum
1920 1671 2021 1718 aliis

602 1749 888 1816 pauperibus
912 1768 964 1795 ac
996 1750 1257 1813 peregrinis
1285 1749 1397 1795 illuc
1438 1750 1644 1805 venisse,
1679 1750 2019 1815 Danielemque

599 1828 784 1883 vocari,
814 1826 953 1873 nobis
990 1825 1387 1889 percontantibus
1420 1825 1663 1873 indicavit.
1702 1827 1880 1874 Eadem
1916 1826 2017 1874 fere

599 1906 745 1964 hora,
785 1904 1045 1968 eodemque
1079 1914 1132 1949 ut
1170 1904 1229 1949 ita
1261 1904 1414 1950 dicam
1447 1916 1726 1961 momento,
1759 1922 1858 1970 quo
1894 1905 1929 1950 is
1958 1903 2016 1951 de

595 2002 691 2049 quo
733 2000 862 2030 nunc
910 1982 1143 2036 diximus,
1182 1983 1302 2028 intra
1348 1983 1589 2030 ecclesiam
1623 1994 1669 2030 et
1706 2001 1870 2032 coram
1909 1983 2012 2047 ipso

590 2062 753 2117 altari,
778 2079 862 2124 per
889 2060 1117 2106 virtutem
1140 2059 1312 2106 Christi
1340 2071 1387 2107 et
1414 2060 1803 2108 intercessionem
1827 2062 2012 2125 Marty-

590 2156 698 2184 rum
712 2174 724 2194 ,
751 2138 995 2183 sanitatem
1019 2148 1087 2183 est
1106 2147 1387 2184 consecutus
1403 2173 1416 2192 ‚
1446 2138 1619 2184 mulier
1636 2137 1857 2202 quaedam
1877 2154 2009 2200 para-

588 2215 754 2280 lytica,
779 2225 826 2261 et
841 2231 960 2277 pene
980 2215 1197 2261 omnium
1217 2213 1550 2261 membrorum
1575 2216 1731 2262 officio
1751 2215 1972 2262 destituta
1992 2252 2002 2270 ‚

587 2308 675 2355 pro
703 2290 889 2337 foribus
919 2291 1124 2338 ecclesiae
1147 2294 1333 2354 jacens,
1371 2293 1419 2338 in
1459 2292 1691 2338 auxilium
1722 2293 1792 2338 sui
1818 2302 2003 2339 sanctos

579 2370 815 2433 Martyres
842 2369 1104 2425 invocavit5
1128 2380 1174 2416 et
1205 2388 1341 2426 mox,
1372 2371 1555 2418 cunctis
1579 2370 1888 2418 cernentibus
1914 2373 1995 2435 qui

579 2446 700 2491 cirea
721 2455 974 2499 steterant,
997 2446 1146 2509 coepit
1169 2448 1420 2494 commotis
1442 2446 1701 2494 visceribus
1726 2447 1855 2494 velut
1873 2465 1997 2493 nau-

575 2522 808 2569 seabunda
830 2524 1018 2569 concuti
1038 2559 1048 2577 ‚
1075 2540 1127 2568 ac
1147 2522 1315 2571 deinde
1339 2542 1559 2589 magnam
1584 2525 1680 2570 vim
1713 2523 1995 2590 phlegmatis

571 2618 624 2647 ac
641 2599 749 2646 hilis
763 2601 1005 2647 vomendo
1024 2602 1272 2664 projicere.
1293 2602 1400 2662 Quo
1418 2603 1544 2649 facto
1557 2639 1568 2659 ‚
1589 2603 1837 2667 paululum
1857 2620 1992 2666 aquae

569 2678 752 2742 frigidae
781 2697 994 2733 sumum,
1034 2679 1090 2725 de
1119 2679 1225 2726 loco
1262 2681 1308 2726 in
1335 2699 1433 2745 quo
1451 2681 1637 2745 jacebat
1658 2700 1704 2729 se
1734 2682 1876 2728 levari
1901 2698 1987 2728 ro-

565 2757 714 2818 gavit,
750 2766 793 2800 et
824 2755 993 2802 baculo
1028 2757 1182 2803 nitens
1212 2756 1451 2804 basilicam
1477 2759 1726 2815 introivit,
1755 2758 1986 2805 adoratis—
