2105 3348
595 294 662 328 178
884 281 1119 320 lilS'solzlA
1154 277 1574 323 'tlt-xNSLATlONIS,
1607 291 1684 315 ure.

591 381 853 429 intentione
881 373 1155 436 compositi,
1181 370 1367 417 eosdem
1395 369 1555 425 cdere,
1585 386 1636 414 ac
1659 369 1740 414 Dei
1766 367 1991 413 amatori-

589 457 744 504 11115311
772 452 1023 517 legendum
1045 451 1216 496 offerre
1236 447 1438 494 decrevi.
1467 445 1691 492 Arbitror
1715 445 1839 491 enim
1865 443 1993 509 quod

591 537 678 582 1100
701 549 819 596 opus
853 546 953 576 non
982 528 1136 574 solum
1172 528 1310 573 inane
1337 543 1388 571 ac
1421 540 1765 588 supervacuum
1800 521 1995 568 cuilibet

591 612 796 659 fidelium
813 607 960 654 videri
980 623 1080 654 non
1102 604 1291 661 debeat,
1322 603 1397 651 sed
1421 603 1561 649 etiam
1588 601 1828 648 fructuose
1855 611 1995 663 atque

589 689 770 736 utiliter
793 704 868 732 mc
892 684 1123 731 laborasse
1146 699 1411 747 praesumo,
1432 681 1467 726 si
1493 681 1670 727 efficere
1692 688 1922 743 potuero,
1946 688 1998 722 ut

591 770 636 813 111
660 765 842 812 laudem
865 764 933 809 sui
955 761 1229 809 Conditoris
1248 761 1432 806 animus
1456 758 1531 804 illa
1556 757 1749 821 legentis
1769 765 1993 819 assurgat.

1183 1092 1347 1129 CAPUT
1378 1092 1412 1129 I.

672 1203 771 1237 Missi
791 1201 835 1234 ab
854 1198 1040 1234 Einliardo
1058 1197 1213 1231 Romam
1232 1195 1275 1229 ad
1295 1194 1541 1242 procurandas
1558 1193 1741 1240 reliquias.
1766 1192 1934 1228 Obtcnta‘

990 1263 1200 1292 sanctorum
1220 1255 1421 1290 Marcellini
1441 1262 1477 1289 et
1495 1254 1610 1289 Petri.

653 1373 698 1414 2.
739 1366 857 1412 Cum
881 1363 1032 1408 adhuc
1067 1362 1112 1407 in
1146 1360 1320 1424 palatio
1345 1360 1552 1423 positus,
1578 1376 1628 1404 ac
1650 1358 1850 1422 negotiis
1870 1375 2007 1404 secu-

592 1443 765 1492 laribus
783 1450 1059 1504 occupatus,
1078 1438 1250 1494 otium,
1269 1454 1366 1502 quo
1383 1436 1639 1500 aliquando
1653 1434 1833 1498 perfrui
1850 1435 2009 1499 cupie-

589 1525 724 1575 bam,
769 1516 1054 1567 multimoda
1092 1516 1382 1580 cogitatione
1422 1514 1705 1571 meditarer,
1755 1513 2007 1578 quemdam

590 1603 748 1649 locum
790 1606 1026 1645 secretum
1064 1605 1206 1659 atque
1247 1612 1269 1639 a
1310 1593 1530 1657 populari
1574 1591 1840 1656 frequentia
1876 1590 2010 1637 valde

591 1688 828 1726 remotum
863 1683 1055 1729 nactus,
1086 1682 1228 1736 atque
1254 1670 1404 1728 illius,
1430 1671 1503 1716 cui
1532 1680 1645 1716 tunc
1667 1671 2006 1723 militaveram,

589 1753 817 1820 principis
825 1750 1096 1799 Hludowici
1110 1748 1392 1796 liberalitate
1404 1759 1684 1795 consecutus
1696 1767 1813 1794 sum.
1826 1748 1868 1793 Is
1880 1747 2013 1794 locus

594 1844 662 1880 est
686 1833 733 1878 in
750 1830 871 1877 saltu
889 1828 1158 1875 Germaniae
1171 1863 1184 1883 ‚
1205 1826 1285 1891 qui
1313 1826 1439 1873 inter
1456 1826 1720 1872 Neccarum
1738 1836 1785 1872 et
1799 1826 2012 1872 Maenum

594 1912 762 1959 fluvios
780 1908 963 1956 medius
992 1908 1238 1970 interjacet
1253 1941 1264 1962 ‚
1289 1923 1340 1951 ac
1360 1905 1594 1953 moderno
1619 1915 1834 1970 tempore
1856 1904 1915 1951 ab
1934 1905 2015 1951 in-

596 1990 709 2038 colis
742 1998 789 2035 et
823 1981 1314 2033 circummanentibus
1342 1982 1601 2031 Odanwald
1637 1983 1918 2048 appellatur.
1958 1983 2012 2029 In

595 2084 691 2132 quo
727 2082 835 2111 cum
851 2099 865 2121 ,
894 2080 984 2127 pro
1011 2061 1156 2108 modo
1192 2060 1476 2107 facultatum
1501 2079 1553 2107 ac
1576 2072 1878 2126 sumptuum,
1915 2077 2016 2107 non

597 2144 750 2190 solum
764 2141 932 2189 domos
945 2150 990 2186 et
1008 2139 1276 2186 habitacula
1290 2139 1344 2185 ad
1362 2139 1672 2197 manendum,
1692 2157 1857 2186 verum
1874 2140 2016 2187 etiam

596 2220 835 2266 basilicam
849 2254 860 2274 ,
887 2217 1060 2264 divinis
1081 2217 1244 2264 officiis
1263 2216 1488 2264 faciendis
1512 2226 1856 2282 congruentem
1874 2253 1887 2274 ,
1915 2234 2014 2264 11011

601 2297 811 2345 indecori
836 2295 990 2359 operis
1015 2295 1342 2353 aedificassem,
1369 2295 1587 2342 dubitare
1613 2296 1768 2360 coepi,
1797 2296 1843 2342 in
1883 2299 2017 2359 cujus

601 2374 899 2440 potissimum
925 2373 1073 2418 saneti
1099 2373 1170 2419 vel
1196 2374 1424 2439 martyris
1452 2374 1646 2421 nomine
1669 2383 1810 2439 atque
1834 2373 2017 2421 honore

603 2452 805 2499 dedicari
842 2449 1052 2496 deberet.
1087 2452 1303 2516 Cumque
1337 2453 1385 2498 in
1412 2453 1496 2499 hac
1530 2453 1675 2499 animi
1707 2452 2018 2499 fluctuatione

604 2530 867 2595 plurimum
882 2529 1108 2591 temporis
1120 2541 1239 2576 esset
1253 2531 1517 2587 evolutum,
1535 2531 1738 2596 contigit
1755 2541 1807 2577 ut
1826 2531 2018 2596 quidam

604 2609 831 2655 diaconus
859 2607 1086 2652 Romanae
1117 2607 1364 2666 Ecclesiae,
1400 2609 1597 2656 nomine
1630 2609 1905 2669 Deusdona,
1928 2625 2019 2673 pro

606 2687 698 2732 suis
721 2683 1076 2732 necessitatibus
1104 2685 1223 2748 regis
1244 2703 1383 2750 opem
1407 2687 1775 2752 imploraturus,
1802 2687 1859 2734 ad
1890 2687 2020 2752 pala-

610 2764 729 2808 tium
744 2761 943 2809 veniret.
964 2759 1126 2826 lbique
1145 2762 1420 2827 aliquandiu
1433 2776 1664 2825 moratus,
1684 2783 1811 2825 cum,
1825 2775 2019 2829 peracto
