2105 3348
618 303 694 339 218
917 295 1158 335 HISTORIA
1190 294 1587 332 TRANSLATIONIS
1606 325 1614 341 ‚
1645 309 1726 335 mc.

618 397 704 424 nus
723 387 861 440 atque
875 377 1034 438 jacens
1059 373 1236 420 coelum
1257 372 1461 436 aspicere
1479 373 1794 436 nequivisset,
1823 372 1878 419 ad
1900 374 2024 421 sere—

618 466 743 501 trum
771 453 992 508 accessit;
1020 469 1071 497 ac
1106 450 1291 507 subito,
1323 450 1452 497 velut
1486 448 1544 495 ab
1570 449 1728 514 aliquo
1761 451 1988 515 impulsus
2011 489 2021 507 ,

617 531 816 578 corruit.
839 529 1054 593 Cumque
1071 527 1152 574 diu
1174 528 1305 574 velut
1324 527 1582 574 dormienti
1604 528 2022 591 similisjacuisset,

616 607 839 654 correctis
865 604 1088 652 omnihus
1110 603 1360 662 membris,
1386 614 1432 651 et
1455 614 1639 667 recepta
1664 603 1888 651 firmitate
1920 623 2027 651 ner—

616 701 809 740 vorum,
830 701 990 731 coram
1010 683 1159 729 oculis
1175 684 1351 728 nostris
1373 682 1579 728 surrexit
1597 682 1867 729 incolumis.
1890 683 2026 730 Facta

615 772 726 808 sunt
744 761 844 808 haec
863 761 1048 808 decimo
1063 771 1196 807 sexto
1216 760 1434 807 kalendas
1450 759 1734 815 februarias,
1757 767 1804 805 et
1818 770 1918 806 crat
1931 762 2028 824 ejus

614 841 704 887 diei
731 849 858 886 tanta
885 850 931 886 et
961 851 1056 885 tam
1075 839 1196 884 clara
1217 839 1440 885 serenitas
1455 874 1465 893 ,
1490 845 1543 882 ut
1560 838 1706 883 aestivi
1729 836 2027 901 splendorem

615 919 724 966 solis
757 918 1051 982 adaequaret3
1085 927 1224 981 atque
1263 917 1405 979 ipsius
1446 916 1563 962 aeris
1596 926 1689 961 tam
1724 915 1850 961 mitis
1889 924 2028 979 atque

607 995 816 1059 jucunda
849 994 1164 1060 tranquillitas
1180 1029 1191 1048 ,
1225 1005 1273 1039 ut
1316 993 1436 1040 veris
1472 993 1749 1055 temperiem
1784 991 2028 1055 apricitate

615 1073 783 1119 blanda
811 1071 1116 1136 praecederet.

677 1409 752 1452 24.
795 1407 1026 1453 Postridie
1051 1423 1162 1453 vero
1200 1423 1325 1452 sacra
1352 1404 1602 1452 beatorum
1624 1405 1892 1468 Martyrum
1918 1421 2029 1450 cor—

610 1502 724 1547 pora
758 1501 883 1531 novo
909 1484 1068 1531 loculo
1095 1483 1340 1530 recondita
1357 1519 1369 1538 ,
1407 1483 1454 1528 in
1480 1480 1637 1527 absida
1666 1481 1872 1527 basilicae
1899 1481 2028 1528 loca—

611 1561 790 1616 vimus3
836 1573 909 1618 et,
951 1562 1072 1607 sicut
1114 1562 1162 1606 in
1194 1560 1390 1606 Francia
1435 1576 1537 1605 mos
1583 1570 1652 1605 est
1673 1597 1683 1611 ,
1729 1559 2030 1622 superposito

614 1636 770 1701 ligneo
790 1637 996 1683 culmine
1015 1673 1027 1693 ,
1051 1636 1210 1683 linteis
1236 1654 1287 1682 ac
1305 1635 1464 1682 sericis
1487 1635 1638 1699 palliis
1661 1634 1863 1681 ornandi
1881 1635 2027 1699 gratia

612 1715 909 1762 conteximus
925 1751 936 1770 ,
967 1724 1260 1779 apponentes
1278 1714 1451 1772 altare3
1479 1731 1530 1759 ac
1560 1712 1655 1759 duo
1679 1712 1846 1759 vexilla
1867 1711 2028 1759 domi-

610 1793 731 1838 nicae
762 1793 1012 1856 passionis,
1040 1810 1146 1857 quae
1172 1793 1218 1837 in
1250 1792 1322 1837 via
1354 1791 1585 1838 feretrum
1611 1789 1876 1854 praecedere
1901 1790 2025 1837 sole-

611 1867 752 1925 bant,
782 1869 894 1916 hinc
925 1879 1067 1935 atque
1101 1869 1208 1915 inde
1232 1869 1491 1933 erigentes,
1518 1867 1675 1915 locum
1701 1867 1836 1912 illum
1855 1867 2028 1913 divinis

610 1946 773 1993 officiis
799 1945 1116 2003 celebrandis,
1152 1963 1241 2010 pro
1277 1945 1472 1992 modulo
1501 1945 1790 2009 paupertatis
1813 1955 1991 1992 nostrae
2012 1981 2024 2001 ,

612 2023 836 2070 idoneum
854 2035 995 2089 atque
1019 2034 1182 2087 aptum
1204 2023 1356 2070 facere
1379 2023 1648 2070 curavimus
1666 2042 1679 2079 3
1702 2022 2027 2088 ordinatisque

613 2100 820 2156 clericis,
852 2102 934 2166 qui
976 2100 1092 2147 inibi
1134 2101 1312 2148 assidue
1352 2112 1399 2147 et
1434 2099 1651 2148 excubias
1688 2101 1944 2157 ducerent,
1975 2119 2026 2147 ac

609 2176 780 2223 divinis
805 2177 1018 2224 laudibus
1037 2178 1246 2225 dicendis
1272 2197 1434 2225 curam
1457 2178 1655 2225 solerter
1676 2179 2022 2242 impenderent.

613 2255 704 2318 Ipsi
729 2273 827 2303 non
852 2256 1004 2303 solum
1030 2268 1192 2303 nostra
1217 2267 1411 2321 sponte,
1439 2256 1518 2304 sed
1537 2257 1679 2304 etiam
1705 2258 1845 2322 regali
1870 2256 2027 2321 diplo-

614 2343 765 2390 mate,
809 2333 937 2398 quod
975 2333 1114 2382 nobis
1153 2336 1199 2381 in
1242 2336 1313 2381 via
1341 2334 1533 2382 obviam
1563 2345 1782 2392 venerat,
1814 2337 2023 2391 evocati,

613 2411 822 2457 Domino
851 2411 940 2457 iter
973 2423 1193 2458 nostrum
1223 2424 1558 2478 prosperante,
1596 2413 1652 2459 ad
1685 2413 1910 2478 palatium
1945 2431 2027 2460 su-

613 2505 717 2534 mus
737 2507 844 2535 cum
870 2501 1036 2554 magna
1059 2491 1352 2539 exultatione
1377 2491 1593 2556 regressi.
