<?xml version="1.0" encoding="UTF-8"?>
<!DOCTYPE html PUBLIC "-//W3C//DTD XHTML 1.0 Transitional//EN"
    "http://www.w3.org/TR/xhtml1/DTD/xhtml1-transitional.dtd">
<html xmlns="http://www.w3.org/1999/xhtml" xml:lang="en" lang="en">
 <head>
  <title>
</title>
<meta http-equiv="Content-Type" content="text/html;charset=utf-8" />
  <meta name='ocr-system' content='tesseract 3.04.00' />
  <meta name='ocr-capabilities' content='ocr_page ocr_carea ocr_par ocr_line ocrx_word'/>
</head>
<body>
  <div class='ocr_page' id='page_1' title='image "./einhardiomniaqua02einhuoft_0084.png"; bbox 0 0 2105 3348; ppageno 0'>
   <div class='ocr_carea' id='block_1_1' title="bbox 561 246 1541 292">
    <p class='ocr_par' dir='ltr' id='par_1_1' title="bbox 561 246 1541 292">
     <span class='ocr_line' id='line_1_1' title="bbox 561 246 1541 292; baseline -0.009 0"><span class='ocrx_word' id='word_1_1' title='bbox 561 258 610 292; x_wconf 70' lang='lat'>58</span> <span class='ocrx_word' id='word_1_2' title='bbox 982 247 1238 286; x_wconf 85' lang='lat' dir='ltr'><strong>EINHARDI</strong></span> <span class='ocrx_word' id='word_1_3' title='bbox 1269 246 1541 285; x_wconf 84' lang='lat' dir='ltr'><strong>EPISTOLAE.</strong></span> 
     </span>
    </p>
   </div>
   <div class='ocr_carea' id='block_1_2' title="bbox 554 324 1972 1090">
    <p class='ocr_par' dir='ltr' id='par_1_2' title="bbox 554 324 1972 1090">
     <span class='ocr_line' id='line_1_2' title="bbox 561 324 1966 396; baseline -0.004 -18"><span class='ocrx_word' id='word_1_4' title='bbox 561 350 646 396; x_wconf 88' lang='lat' dir='ltr'>per</span> <span class='ocrx_word' id='word_1_5' title='bbox 662 338 989 391; x_wconf 88' lang='lat' dir='ltr'>contemptum</span> <span class='ocrx_word' id='word_1_6' title='bbox 1005 337 1052 374; x_wconf 90' lang='lat' dir='ltr'>et</span> <span class='ocrx_word' id='word_1_7' title='bbox 1068 324 1438 373; x_wconf 80' lang='lat' dir='ltr'>inobedientiam</span> <span class='ocrx_word' id='word_1_8' title='bbox 1457 326 1650 373; x_wconf 86' lang='lat' dir='ltr'>caritate</span> <span class='ocrx_word' id='word_1_9' title='bbox 1664 327 1738 390; x_wconf 85' lang='lat'>(1)</span> <span class='ocrx_word' id='word_1_10' title='bbox 1757 327 1966 391; x_wconf 87' lang='lat' dir='ltr'>depulsa,</span> 
     </span>
     <span class='ocr_line' id='line_1_3' title="bbox 559 403 1971 469; baseline -0.003 -13"><span class='ocrx_word' id='word_1_11' title='bbox 559 407 790 456; x_wconf 83' lang='lat' dir='ltr'>discordia</span> <span class='ocrx_word' id='word_1_12' title='bbox 806 441 820 464; x_wconf 87' lang='lat'>,</span> <span class='ocrx_word' id='word_1_13' title='bbox 847 422 954 469; x_wconf 86' lang='lat' dir='ltr'>quae</span> <span class='ocrx_word' id='word_1_14' title='bbox 979 421 1227 468; x_wconf 84' lang='lat' dir='ltr'>nunquam</span> <span class='ocrx_word' id='word_1_15' title='bbox 1257 406 1383 450; x_wconf 89' lang='lat' dir='ltr'>inter</span> <span class='ocrx_word' id='word_1_16' title='bbox 1412 420 1493 449; x_wconf 89' lang='lat' dir='ltr'>vos</span> <span class='ocrx_word' id='word_1_17' title='bbox 1527 403 1598 450; x_wconf 88' lang='lat' dir='ltr'>vel</span> <span class='ocrx_word' id='word_1_18' title='bbox 1622 405 1861 451; x_wconf 89' lang='lat' dir='ltr'>nominari</span> <span class='ocrx_word' id='word_1_19' title='bbox 1885 403 1971 452; x_wconf 89' lang='lat' dir='ltr'>de-</span> 
     </span>
     <span class='ocr_line' id='line_1_4' title="bbox 560 482 1971 546; baseline -0.001 -14"><span class='ocrx_word' id='word_1_20' title='bbox 560 487 693 543; x_wconf 82' lang='lat' dir='ltr'>buit,</span> <span class='ocrx_word' id='word_1_21' title='bbox 722 486 771 531; x_wconf 87' lang='lat' dir='ltr'>in</span> <span class='ocrx_word' id='word_1_22' title='bbox 798 493 984 530; x_wconf 86' lang='lat' dir='ltr'>tantum</span> <span class='ocrx_word' id='word_1_23' title='bbox 1014 492 1278 540; x_wconf 84' lang='lat' dir='ltr'><strong>excrescat,</strong></span> <span class='ocrx_word' id='word_1_24' title='bbox 1310 493 1389 539; x_wconf 88' lang='lat' dir='ltr'>ut,</span> <span class='ocrx_word' id='word_1_25' title='bbox 1423 482 1550 529; x_wconf 90' lang='lat' dir='ltr'>inter</span> <span class='ocrx_word' id='word_1_26' title='bbox 1575 500 1695 546; x_wconf 89' lang='lat' dir='ltr'>quos</span> <span class='ocrx_word' id='word_1_27' title='bbox 1718 499 1852 529; x_wconf 87' lang='lat' dir='ltr'>amor</span> <span class='ocrx_word' id='word_1_28' title='bbox 1876 500 1971 530; x_wconf 87' lang='lat' dir='ltr'>esse</span> 
     </span>
     <span class='ocr_line' id='line_1_5' title="bbox 558 557 1971 624; baseline -0.001 -16"><span class='ocrx_word' id='word_1_29' title='bbox 558 562 743 617; x_wconf 78' lang='lat' dir='ltr'>debuit,</span> <span class='ocrx_word' id='word_1_30' title='bbox 767 559 931 607; x_wconf 90' lang='lat' dir='ltr'>odium</span> <span class='ocrx_word' id='word_1_31' title='bbox 950 569 1195 606; x_wconf 84' lang='lat' dir='ltr'>enascatur</span> <span class='ocrx_word' id='word_1_32' title='bbox 1223 579 1233 605; x_wconf 91' lang='lat'>:</span> <span class='ocrx_word' id='word_1_33' title='bbox 1259 557 1389 624; x_wconf 90' lang='lat' dir='ltr'>quod</span> <span class='ocrx_word' id='word_1_34' title='bbox 1412 576 1471 606; x_wconf 91' lang='lat' dir='ltr'>ne</span> <span class='ocrx_word' id='word_1_35' title='bbox 1489 559 1648 606; x_wconf 89' lang='lat' dir='ltr'>veniat</span> <span class='ocrx_word' id='word_1_36' title='bbox 1671 576 1971 623; x_wconf 80' lang='lat' dir='ltr'>summopere</span> 
     </span>
     <span class='ocr_line' id='line_1_6' title="bbox 558 636 1971 701; baseline -0.003 -16"><span class='ocrx_word' id='word_1_37' title='bbox 558 639 816 685; x_wconf 79' lang='lat' dir='ltr'>cavendum</span> <span class='ocrx_word' id='word_1_38' title='bbox 839 649 925 685; x_wconf 88' lang='lat' dir='ltr'>est.</span> <span class='ocrx_word' id='word_1_39' title='bbox 948 637 1101 686; x_wconf 86' lang='lat' dir='ltr'><strong>Credo</strong></span> <span class='ocrx_word' id='word_1_40' title='bbox 1121 637 1248 684; x_wconf 89' lang='lat' dir='ltr'>enim</span> <span class='ocrx_word' id='word_1_41' title='bbox 1268 636 1572 701; x_wconf 78' lang='lat' dir='ltr'>prudentiam</span> <span class='ocrx_word' id='word_1_42' title='bbox 1594 645 1795 683; x_wconf 83' lang='lat' dir='ltr'>vestram</span> <span class='ocrx_word' id='word_1_43' title='bbox 1813 637 1971 682; x_wconf 91' lang='lat' dir='ltr'>minus</span> 
     </span>
     <span class='ocr_line' id='line_1_7' title="bbox 559 711 1971 779; baseline -0.002 -19"><span class='ocrx_word' id='word_1_44' title='bbox 559 716 725 771; x_wconf 77' lang='lat' dir='ltr'>latere,</span> <span class='ocrx_word' id='word_1_45' title='bbox 761 724 936 779; x_wconf 85' lang='lat' dir='ltr'>quanta</span> <span class='ocrx_word' id='word_1_46' title='bbox 970 713 1266 761; x_wconf 81' lang='lat' dir='ltr'>abominatio</span> <span class='ocrx_word' id='word_1_47' title='bbox 1298 716 1365 777; x_wconf 73' lang='lat'>(2)</span> <span class='ocrx_word' id='word_1_48' title='bbox 1402 714 1462 760; x_wconf 88' lang='lat' dir='ltr'>sit</span> <span class='ocrx_word' id='word_1_49' title='bbox 1499 713 1625 778; x_wconf 85' lang='lat' dir='ltr'>apud</span> <span class='ocrx_word' id='word_1_50' title='bbox 1657 713 1808 759; x_wconf 89' lang='lat' dir='ltr'>Deum</span> <span class='ocrx_word' id='word_1_51' title='bbox 1848 711 1971 758; x_wconf 83' lang='lat' dir='ltr'>filius</span> 
     </span>
     <span class='ocr_line' id='line_1_8' title="bbox 557 790 1968 857; baseline -0.001 -18"><span class='ocrx_word' id='word_1_52' title='bbox 557 804 813 840; x_wconf 76' lang='lat' dir='ltr'>contumax</span> <span class='ocrx_word' id='word_1_53' title='bbox 839 804 885 839; x_wconf 88' lang='lat' dir='ltr'>et</span> <span class='ocrx_word' id='word_1_54' title='bbox 909 791 1187 857; x_wconf 85' lang='lat' dir='ltr'>parentibus</span> <span class='ocrx_word' id='word_1_55' title='bbox 1216 790 1522 851; x_wconf 85' lang='lat' dir='ltr'>inobediens,</span> <span class='ocrx_word' id='word_1_56' title='bbox 1551 809 1659 838; x_wconf 89' lang='lat' dir='ltr'>cum</span> <span class='ocrx_word' id='word_1_57' title='bbox 1685 809 1794 838; x_wconf 88' lang='lat' dir='ltr'>eum</span> <span class='ocrx_word' id='word_1_58' title='bbox 1817 791 1968 848; x_wconf 88' lang='lat' dir='ltr'>Deus,</span> 
     </span>
     <span class='ocr_line' id='line_1_9' title="bbox 554 867 1972 935; baseline -0.002 -19"><span class='ocrx_word' id='word_1_59' title='bbox 554 872 675 916; x_wconf 85' lang='lat' dir='ltr'>sieut</span> <span class='ocrx_word' id='word_1_60' title='bbox 697 871 744 916; x_wconf 90' lang='lat' dir='ltr'>in</span> <span class='ocrx_word' id='word_1_61' title='bbox 771 870 1149 917; x_wconf 86' lang='lat' dir='ltr'>Deuteronomio</span> <span class='ocrx_word' id='word_1_62' title='bbox 1173 870 1328 935; x_wconf 75' lang='lat' dir='ltr'>legere</span> <span class='ocrx_word' id='word_1_63' title='bbox 1348 871 1571 934; x_wconf 88' lang='lat' dir='ltr'>potestis,</span> <span class='ocrx_word' id='word_1_64' title='bbox 1594 888 1678 933; x_wconf 91' lang='lat' dir='ltr'>per</span> <span class='ocrx_word' id='word_1_65' title='bbox 1698 870 1892 932; x_wconf 77' lang='lat' dir='ltr'>Moysen</span> <span class='ocrx_word' id='word_1_66' title='bbox 1913 867 1972 914; x_wconf 85' lang='lat' dir='ltr'>ab</span> 
     </span>
     <span class='ocr_line' id='line_1_10' title="bbox 555 948 1972 1013; baseline -0.004 -16"><span class='ocrx_word' id='word_1_67' title='bbox 555 950 687 997; x_wconf 90' lang='lat' dir='ltr'>omni</span> <span class='ocrx_word' id='word_1_68' title='bbox 710 949 890 1013; x_wconf 90' lang='lat' dir='ltr'>populo</span> <span class='ocrx_word' id='word_1_69' title='bbox 908 949 1103 1013; x_wconf 87' lang='lat' dir='ltr'>lapidari</span> <span class='ocrx_word' id='word_1_70' title='bbox 1126 949 1370 1013; x_wconf 85' lang='lat' dir='ltr'>praecepit.</span> <span class='ocrx_word' id='word_1_71' title='bbox 1394 949 1699 1013; x_wconf 83' lang='lat' dir='ltr'>Quapropter</span> <span class='ocrx_word' id='word_1_72' title='bbox 1718 948 1972 995; x_wconf 86' lang='lat' dir='ltr'>admonen-</span> 
     </span>
     <span class='ocr_line' id='line_1_11' title="bbox 555 1023 1971 1090; baseline -0.002 -18"><span class='ocrx_word' id='word_1_73' title='bbox 555 1026 669 1072; x_wconf 90' lang='lat' dir='ltr'>dum</span> <span class='ocrx_word' id='word_1_74' title='bbox 694 1026 850 1072; x_wconf 89' lang='lat' dir='ltr'>censui</span> <span class='ocrx_word' id='word_1_75' title='bbox 876 1026 1100 1090; x_wconf 85' lang='lat' dir='ltr'>pietatem</span> <span class='ocrx_word' id='word_1_76' title='bbox 1126 1028 1194 1090; x_wconf 78' lang='lat'>(3)</span> <span class='ocrx_word' id='word_1_77' title='bbox 1217 1036 1420 1073; x_wconf 87' lang='lat' dir='ltr'>vestram</span> <span class='ocrx_word' id='word_1_78' title='bbox 1451 1037 1528 1082; x_wconf 89' lang='lat' dir='ltr'>ut,</span> <span class='ocrx_word' id='word_1_79' title='bbox 1561 1043 1646 1089; x_wconf 88' lang='lat' dir='ltr'>per</span> <span class='ocrx_word' id='word_1_80' title='bbox 1668 1023 1971 1089; x_wconf 87' lang='lat' dir='ltr'>prudentiam</span> 
     </span>
    </p>
   </div>
   <div class='ocr_carea' id='block_1_3' title="bbox 754 1129 866 1133">
    <p class='ocr_par' dir='ltr' id='par_1_3' title="bbox 754 1129 866 1133">
     <span class='ocr_line' id='line_1_12' title="bbox 754 1129 866 1133; baseline 0 0"><span class='ocrx_word' id='word_1_81' title='bbox 754 1129 866 1133; x_wconf 95' lang='lat' dir='ltr'> </span> 
     </span>
    </p>
   </div>
   <div class='ocr_carea' id='block_1_4' title="bbox 867 1128 1024 1134">
    <p class='ocr_par' dir='ltr' id='par_1_4' title="bbox 867 1128 1024 1134">
     <span class='ocr_line' id='line_1_13' title="bbox 867 1128 1024 1134; baseline 0 0"><span class='ocrx_word' id='word_1_82' title='bbox 867 1128 1024 1134; x_wconf 95' lang='lat' dir='ltr'> </span> 
     </span>
    </p>
   </div>
   <div class='ocr_carea' id='block_1_5' title="bbox 561 1129 747 1135">
    <p class='ocr_par' dir='ltr' id='par_1_5' title="bbox 561 1129 747 1135">
     <span class='ocr_line' id='line_1_14' title="bbox 561 1129 747 1135; baseline 0 0"><span class='ocrx_word' id='word_1_83' title='bbox 561 1129 747 1135; x_wconf 95' lang='lat' dir='ltr'> </span> 
     </span>
    </p>
   </div>
   <div class='ocr_carea' id='block_1_6' title="bbox 548 1175 1972 2653">
    <p class='ocr_par' dir='ltr' id='par_1_6' title="bbox 601 1175 1271 1221">
     <span class='ocr_line' id='line_1_15' title="bbox 601 1175 1271 1221; baseline -0.001 -11"><span class='ocrx_word' id='word_1_84' title='bbox 601 1177 650 1221; x_wconf 87' lang='lat'>(1)</span> <span class='ocrx_word' id='word_1_85' title='bbox 676 1175 769 1211; x_wconf 91' lang='lat' dir='ltr'>Cod.</span> <span class='ocrx_word' id='word_1_86' title='bbox 790 1178 979 1210; x_wconf 82' lang='lat' dir='ltr'>caritatem</span> <span class='ocrx_word' id='word_1_87' title='bbox 986 1202 1074 1210; x_wconf 87' lang='grc'><strong>......</strong></span> <span class='ocrx_word' id='word_1_88' title='bbox 1094 1177 1271 1210; x_wconf 83' lang='lat' dir='ltr'>nominat.</span> 
     </span>
    </p>

    <p class='ocr_par' dir='ltr' id='par_1_7' title="bbox 599 1235 1006 1283">
     <span class='ocr_line' id='line_1_16' title="bbox 599 1235 1006 1283; baseline 0 -14"><span class='ocrx_word' id='word_1_89' title='bbox 599 1236 649 1283; x_wconf 80' lang='lat'>(2)</span> <span class='ocrx_word' id='word_1_90' title='bbox 677 1235 768 1271; x_wconf 86' lang='lat' dir='ltr'>Cod.</span> <span class='ocrx_word' id='word_1_91' title='bbox 787 1235 1006 1271; x_wconf 82' lang='lat' dir='ltr'>abiornatio.</span> 
     </span>
    </p>

    <p class='ocr_par' dir='ltr' id='par_1_8' title="bbox 548 1294 1972 2653">
     <span class='ocr_line' id='line_1_17' title="bbox 601 1294 1971 1343; baseline -0.002 -12"><span class='ocrx_word' id='word_1_92' title='bbox 601 1295 651 1341; x_wconf 78' lang='lat'>(3)</span> <span class='ocrx_word' id='word_1_93' title='bbox 678 1296 818 1332; x_wconf 90' lang='lat' dir='ltr'>Omnes</span> <span class='ocrx_word' id='word_1_94' title='bbox 840 1295 998 1331; x_wconf 83' lang='lat' dir='ltr'>editores</span> <span class='ocrx_word' id='word_1_95' title='bbox 1017 1296 1079 1331; x_wconf 68' lang='lat' dir='ltr'>hic</span> <span class='ocrx_word' id='word_1_96' title='bbox 1098 1295 1247 1343; x_wconf 82' lang='lat' dir='ltr'>legunt,</span> <span class='ocrx_word' id='word_1_97' title='bbox 1268 1307 1352 1330; x_wconf 91' lang='lat' dir='ltr'>cum</span> <span class='ocrx_word' id='word_1_98' title='bbox 1368 1294 1512 1339; x_wconf 88' lang='lat' dir='ltr'>codice,</span> <span class='ocrx_word' id='word_1_99' title='bbox 1534 1296 1764 1342; x_wconf 77' lang='lat' dir='ltr'>neptitatem,</span> <span class='ocrx_word' id='word_1_100' title='bbox 1785 1301 1823 1329; x_wconf 86' lang='lat' dir='ltr'>et</span> <span class='ocrx_word' id='word_1_101' title='bbox 1842 1306 1885 1328; x_wconf 84' lang='lat' dir='ltr'>ex</span> <span class='ocrx_word' id='word_1_102' title='bbox 1904 1294 1971 1328; x_wconf 90' lang='lat' dir='ltr'>hac</span> 
     </span>
     <span class='ocr_line' id='line_1_18' title="bbox 554 1354 1969 1403; baseline 0 -15"><span class='ocrx_word' id='word_1_103' title='bbox 554 1367 640 1390; x_wconf 87' lang='lat' dir='ltr'>voce</span> <span class='ocrx_word' id='word_1_104' title='bbox 659 1356 883 1403; x_wconf 84' lang='lat' dir='ltr'>praecipuum</span> <span class='ocrx_word' id='word_1_105' title='bbox 897 1355 1040 1390; x_wconf 84' lang='lat' dir='ltr'>ducunt</span> <span class='ocrx_word' id='word_1_106' title='bbox 1053 1362 1317 1402; x_wconf 84' lang='lat' dir='ltr'>argumentum</span> <span class='ocrx_word' id='word_1_107' title='bbox 1333 1355 1399 1402; x_wconf 92' lang='lat' dir='ltr'>qui</span> <span class='ocrx_word' id='word_1_108' title='bbox 1418 1356 1587 1398; x_wconf 88' lang='lat' dir='ltr'>Immam,</span> <span class='ocrx_word' id='word_1_109' title='bbox 1609 1354 1789 1390; x_wconf 86' lang='lat' dir='ltr'>Einhardi</span> <span class='ocrx_word' id='word_1_110' title='bbox 1804 1366 1969 1394; x_wconf 82' lang='lat' dir='ltr'>uxorem,</span> 
     </span>
     <span class='ocr_line' id='line_1_19' title="bbox 554 1414 1972 1463; baseline -0.001 -14"><span class='ocrx_word' id='word_1_111' title='bbox 554 1414 675 1450; x_wconf 86' lang='lat' dir='ltr'>Caroli</span> <span class='ocrx_word' id='word_1_112' title='bbox 695 1415 818 1462; x_wconf 82' lang='lat' dir='ltr'>Magni</span> <span class='ocrx_word' id='word_1_113' title='bbox 838 1415 970 1460; x_wconf 84' lang='lat' dir='ltr'>filiani,</span> <span class='ocrx_word' id='word_1_114' title='bbox 997 1415 1154 1463; x_wconf 88' lang='lat' dir='ltr'>ideoque</span> <span class='ocrx_word' id='word_1_115' title='bbox 1177 1414 1339 1450; x_wconf 88' lang='lat' dir='ltr'>Lotharii</span> <span class='ocrx_word' id='word_1_116' title='bbox 1363 1414 1514 1450; x_wconf 79' lang='lat' dir='ltr'>amitam</span> <span class='ocrx_word' id='word_1_117' title='bbox 1532 1415 1642 1450; x_wconf 90' lang='lat' dir='ltr'>fuisse</span> <span class='ocrx_word' id='word_1_118' title='bbox 1659 1414 1913 1458; x_wconf 88' lang='lat' dir='ltr'>contendunt,</span> <span class='ocrx_word' id='word_1_119' title='bbox 1935 1421 1972 1449; x_wconf 87' lang='lat' dir='ltr'>et</span> 
     </span>
     <span class='ocr_line' id='line_1_20' title="bbox 552 1474 1968 1522; baseline 0 -13"><span class='ocrx_word' id='word_1_120' title='bbox 552 1488 592 1509; x_wconf 85' lang='lat' dir='ltr'>ea</span> <span class='ocrx_word' id='word_1_121' title='bbox 612 1475 755 1510; x_wconf 82' lang='lat' dir='ltr'>ratione</span> <span class='ocrx_word' id='word_1_122' title='bbox 783 1475 999 1511; x_wconf 87' lang='lat' dir='ltr'>Lotharium</span> <span class='ocrx_word' id='word_1_123' title='bbox 1020 1475 1163 1522; x_wconf 85' lang='lat' dir='ltr'>nepotis</span> <span class='ocrx_word' id='word_1_124' title='bbox 1189 1474 1298 1510; x_wconf 86' lang='lat' dir='ltr'>titulo</span> <span class='ocrx_word' id='word_1_125' title='bbox 1321 1474 1366 1509; x_wconf 86' lang='lat' dir='ltr'>ab</span> <span class='ocrx_word' id='word_1_126' title='bbox 1394 1475 1582 1510; x_wconf 84' lang='lat' dir='ltr'>Einhardo</span> <span class='ocrx_word' id='word_1_127' title='bbox 1609 1482 1707 1510; x_wconf 90' lang='lat' dir='ltr'>recte</span> <span class='ocrx_word' id='word_1_128' title='bbox 1732 1474 1968 1522; x_wconf 84' lang='lat' dir='ltr'>appellatum.</span> 
     </span>
     <span class='ocr_line' id='line_1_21' title="bbox 554 1534 1971 1582; baseline -0.001 -12"><span class='ocrx_word' id='word_1_129' title='bbox 554 1536 677 1582; x_wconf 86' lang='lat' dir='ltr'>Longe</span> <span class='ocrx_word' id='word_1_130' title='bbox 703 1536 809 1570; x_wconf 82' lang='lat' dir='ltr'>aliam</span> <span class='ocrx_word' id='word_1_131' title='bbox 837 1535 1061 1570; x_wconf 86' lang='lat' dir='ltr'>difficultatis</span> <span class='ocrx_word' id='word_1_132' title='bbox 1080 1535 1339 1570; x_wconf 79' lang='lat' dir='ltr'>enodationem</span> <span class='ocrx_word' id='word_1_133' title='bbox 1360 1535 1509 1570; x_wconf 85' lang='lat' dir='ltr'>exhibet</span> <span class='ocrx_word' id='word_1_134' title='bbox 1527 1534 1758 1570; x_wconf 86' lang='lat' dir='ltr'>doctissimus</span> <span class='ocrx_word' id='word_1_135' title='bbox 1776 1535 1886 1569; x_wconf 86' lang='lat' dir='ltr'>abbas</span> <span class='ocrx_word' id='word_1_136' title='bbox 1903 1535 1971 1569; x_wconf 87' lang='lat' dir='ltr'>Le-</span> 
     </span>
     <span class='ocr_line' id='line_1_22' title="bbox 554 1595 1970 1643; baseline -0.001 -14"><span class='ocrx_word' id='word_1_137' title='bbox 554 1595 695 1641; x_wconf 70' lang='lat' dir='ltr'>heuf(*)</span> <span class='ocrx_word' id='word_1_138' title='bbox 706 1596 796 1630; x_wconf 90' lang='lat' dir='ltr'>dum</span> <span class='ocrx_word' id='word_1_139' title='bbox 813 1609 879 1643; x_wconf 88' lang='lat' dir='ltr'>per</span> <span class='ocrx_word' id='word_1_140' title='bbox 896 1598 1111 1642; x_wconf 85' lang='lat' dir='ltr'>neptitatem.</span> <span class='ocrx_word' id='word_1_141' title='bbox 1133 1595 1307 1642; x_wconf 86' lang='lat' dir='ltr'>intelligit</span> <span class='ocrx_word' id='word_1_142' title='bbox 1322 1596 1633 1642; x_wconf 76' lang='lat' dir='ltr'>principalitatem</span> <span class='ocrx_word' id='word_1_143' title='bbox 1652 1607 1715 1629; x_wconf 89' lang='lat' dir='ltr'>seu</span> <span class='ocrx_word' id='word_1_144' title='bbox 1732 1596 1970 1641; x_wconf 66' lang='lat' dir='ltr'>praecipuita-</span> 
     </span>
     <span class='ocr_line' id='line_1_23' title="bbox 553 1654 1966 1702; baseline -0.001 -14"><span class='ocrx_word' id='word_1_145' title='bbox 553 1661 635 1698; x_wconf 83' lang='lat' dir='ltr'>tem,</span> <span class='ocrx_word' id='word_1_146' title='bbox 649 1667 760 1702; x_wconf 86' lang='lat' dir='ltr'>quam</span> <span class='ocrx_word' id='word_1_147' title='bbox 777 1667 901 1690; x_wconf 89' lang='lat' dir='ltr'>vocem</span> <span class='ocrx_word' id='word_1_148' title='bbox 916 1655 1066 1690; x_wconf 85' lang='lat' dir='ltr'>deducit</span> <span class='ocrx_word' id='word_1_149' title='bbox 1078 1667 1097 1690; x_wconf 91' lang='lat' dir='ltr'>a</span> <span class='ocrx_word' id='word_1_150' title='bbox 1111 1655 1300 1690; x_wconf 88' lang='lat' dir='ltr'>teutonico</span> <span class='ocrx_word' id='word_1_151' title='bbox 1318 1660 1442 1701; x_wconf 86' lang='lat' dir='ltr'>nempt</span> <span class='ocrx_word' id='word_1_152' title='bbox 1457 1654 1512 1689; x_wconf 88' lang='lat' dir='ltr'>vel</span> <span class='ocrx_word' id='word_1_153' title='bbox 1527 1661 1614 1701; x_wconf 78' lang='lat' dir='ltr'>nept</span> <span class='ocrx_word' id='word_1_154' title='bbox 1627 1654 1665 1688; x_wconf 90' lang='lat' dir='ltr'>id</span> <span class='ocrx_word' id='word_1_155' title='bbox 1678 1661 1733 1689; x_wconf 88' lang='lat' dir='ltr'>est</span> <span class='ocrx_word' id='word_1_156' title='bbox 1743 1655 1966 1701; x_wconf 79' lang='lat' dir='ltr'>proecipuus.</span> 
     </span>
     <span class='ocr_line' id='line_1_24' title="bbox 553 1713 1968 1762; baseline -0.001 -14"><span class='ocrx_word' id='word_1_157' title='bbox 553 1715 583 1748; x_wconf 64' lang='lat' dir='ltr'><strong>N</strong></span> <span class='ocrx_word' id='word_1_158' title='bbox 589 1726 627 1749; x_wconf 92' lang='lat' dir='ltr'>os</span> <span class='ocrx_word' id='word_1_159' title='bbox 646 1728 728 1750; x_wconf 84' lang='lat' dir='ltr'>vero</span> <span class='ocrx_word' id='word_1_160' title='bbox 739 1743 747 1759; x_wconf 86' lang='lat'>,</span> <span class='ocrx_word' id='word_1_161' title='bbox 763 1728 804 1749; x_wconf 86' lang='lat' dir='ltr'>re</span> <span class='ocrx_word' id='word_1_162' title='bbox 820 1722 958 1750; x_wconf 85' lang='lat' dir='ltr'>attente</span> <span class='ocrx_word' id='word_1_163' title='bbox 971 1726 1147 1762; x_wconf 88' lang='lat' dir='ltr'>perpensa</span> <span class='ocrx_word' id='word_1_164' title='bbox 1158 1742 1166 1758; x_wconf 93' lang='lat'>‚</span> <span class='ocrx_word' id='word_1_165' title='bbox 1188 1714 1359 1749; x_wconf 90' lang='lat' dir='ltr'>Leibnitii</span> <span class='ocrx_word' id='word_1_166' title='bbox 1373 1721 1410 1749; x_wconf 86' lang='lat' dir='ltr'>et</span> <span class='ocrx_word' id='word_1_167' title='bbox 1422 1714 1581 1748; x_wconf 84' lang='lat' dir='ltr'>Fabricii</span> <span class='ocrx_word' id='word_1_168' title='bbox 1596 1713 1816 1748; x_wconf 87' lang='lat' dir='ltr'>sententiam</span> <span class='ocrx_word' id='word_1_169' title='bbox 1830 1713 1968 1758; x_wconf 89' lang='lat' dir='ltr'>secuti,</span> 
     </span>
     <span class='ocr_line' id='line_1_25' title="bbox 553 1771 1970 1821; baseline -0.001 -14"><span class='ocrx_word' id='word_1_170' title='bbox 553 1774 768 1820; x_wconf 86' lang='lat' dir='ltr'>conjicimus</span> <span class='ocrx_word' id='word_1_171' title='bbox 792 1774 885 1808; x_wconf 89' lang='lat' dir='ltr'>hanc</span> <span class='ocrx_word' id='word_1_172' title='bbox 903 1786 1025 1809; x_wconf 87' lang='lat' dir='ltr'>vocem</span> <span class='ocrx_word' id='word_1_173' title='bbox 1045 1776 1280 1821; x_wconf 80' lang='lat' dir='ltr'>neptitatem,</span> <span class='ocrx_word' id='word_1_174' title='bbox 1299 1773 1403 1819; x_wconf 87' lang='lat' dir='ltr'>eujus</span> <span class='ocrx_word' id='word_1_175' title='bbox 1417 1801 1426 1815; x_wconf 91' lang='lat'>,</span> <span class='ocrx_word' id='word_1_176' title='bbox 1448 1785 1514 1807; x_wconf 92' lang='lat' dir='ltr'>nec</span> <span class='ocrx_word' id='word_1_177' title='bbox 1532 1772 1632 1820; x_wconf 88' lang='lat' dir='ltr'>apud</span> <span class='ocrx_word' id='word_1_178' title='bbox 1649 1771 1883 1807; x_wconf 91' lang='lat' dir='ltr'>Einhardum</span> <span class='ocrx_word' id='word_1_179' title='bbox 1903 1784 1970 1807; x_wconf 88' lang='lat' dir='ltr'>nec</span> 
     </span>
     <span class='ocr_line' id='line_1_26' title="bbox 551 1832 1967 1880; baseline -0.001 -13"><span class='ocrx_word' id='word_1_180' title='bbox 551 1833 647 1879; x_wconf 87' lang='lat' dir='ltr'>apud</span> <span class='ocrx_word' id='word_1_181' title='bbox 666 1840 810 1868; x_wconf 83' lang='lat' dir='ltr'>caeteros</span> <span class='ocrx_word' id='word_1_182' title='bbox 836 1834 992 1879; x_wconf 88' lang='lat' dir='ltr'>cujusvis</span> <span class='ocrx_word' id='word_1_183' title='bbox 1009 1833 1122 1868; x_wconf 82' lang='lat' dir='ltr'>aetatis</span> <span class='ocrx_word' id='word_1_184' title='bbox 1144 1833 1358 1880; x_wconf 83' lang='lat' dir='ltr'>scriptores,</span> <span class='ocrx_word' id='word_1_185' title='bbox 1386 1832 1541 1867; x_wconf 86' lang='lat' dir='ltr'>alterum</span> <span class='ocrx_word' id='word_1_186' title='bbox 1559 1832 1767 1879; x_wconf 84' lang='lat' dir='ltr'>exemplum</span> <span class='ocrx_word' id='word_1_187' title='bbox 1788 1832 1967 1878; x_wconf 83' lang='lat' dir='ltr'>reperias,</span> 
     </span>
     <span class='ocr_line' id='line_1_27' title="bbox 550 1890 1967 1939; baseline 0 -14"><span class='ocrx_word' id='word_1_188' title='bbox 550 1892 650 1926; x_wconf 91' lang='lat' dir='ltr'>omni</span> <span class='ocrx_word' id='word_1_189' title='bbox 666 1903 773 1926; x_wconf 89' lang='lat' dir='ltr'>sensu</span> <span class='ocrx_word' id='word_1_190' title='bbox 785 1891 996 1927; x_wconf 85' lang='lat' dir='ltr'>destitutam</span> <span class='ocrx_word' id='word_1_191' title='bbox 1005 1899 1042 1927; x_wconf 90' lang='lat' dir='ltr'>et</span> <span class='ocrx_word' id='word_1_192' title='bbox 1051 1891 1286 1939; x_wconf 83' lang='lat' dir='ltr'>exscriptoris</span> <span class='ocrx_word' id='word_1_193' title='bbox 1297 1891 1505 1926; x_wconf 85' lang='lat' dir='ltr'>oscitationi</span> <span class='ocrx_word' id='word_1_194' title='bbox 1516 1891 1623 1938; x_wconf 90' lang='lat' dir='ltr'>plane</span> <span class='ocrx_word' id='word_1_195' title='bbox 1633 1903 1710 1926; x_wconf 87' lang='lat' dir='ltr'>esse</span> <span class='ocrx_word' id='word_1_196' title='bbox 1718 1890 1967 1935; x_wconf 86' lang='lat' dir='ltr'>tribuendam,</span> 
     </span>
     <span class='ocr_line' id='line_1_28' title="bbox 549 1949 1970 1998; baseline 0 -14"><span class='ocrx_word' id='word_1_197' title='bbox 549 1950 613 1998; x_wconf 89' lang='lat' dir='ltr'>qui</span> <span class='ocrx_word' id='word_1_198' title='bbox 640 1962 683 1984; x_wconf 84' lang='lat' dir='ltr'>ex</span> <span class='ocrx_word' id='word_1_199' title='bbox 708 1949 825 1984; x_wconf 85' lang='lat' dir='ltr'>verbis</span> <span class='ocrx_word' id='word_1_200' title='bbox 843 1963 867 1984; x_wconf 85' lang='lat' dir='ltr'>a</span> <span class='ocrx_word' id='word_1_201' title='bbox 893 1963 948 1984; x_wconf 87' lang='lat' dir='ltr'>me</span> <span class='ocrx_word' id='word_1_202' title='bbox 963 1952 1137 1996; x_wconf 84' lang='lat' dir='ltr'>pietatem</span> <span class='ocrx_word' id='word_1_203' title='bbox 1162 1949 1218 1984; x_wconf 81' lang='lat' dir='ltr'>vel</span> <span class='ocrx_word' id='word_1_204' title='bbox 1243 1963 1325 1997; x_wconf 83' lang='lat' dir='ltr'>neq.</span> <span class='ocrx_word' id='word_1_205' title='bbox 1354 1951 1529 1997; x_wconf 85' lang='lat' dir='ltr'>pietatem</span> <span class='ocrx_word' id='word_1_206' title='bbox 1547 1950 1656 1996; x_wconf 90' lang='lat' dir='ltr'>(voce</span> <span class='ocrx_word' id='word_1_207' title='bbox 1681 1962 1798 1997; x_wconf 85' lang='lat' dir='ltr'>neque</span> <span class='ocrx_word' id='word_1_208' title='bbox 1817 1949 1856 1984; x_wconf 90' lang='lat' dir='ltr'>in</span> <span class='ocrx_word' id='word_1_209' title='bbox 1874 1949 1970 1984; x_wconf 89' lang='lat' dir='ltr'>linea</span> 
     </span>
     <span class='ocr_line' id='line_1_29' title="bbox 550 2007 1969 2056; baseline -0.001 -13"><span class='ocrx_word' id='word_1_210' title='bbox 550 2008 714 2055; x_wconf 87' lang='lat' dir='ltr'>proxime</span> <span class='ocrx_word' id='word_1_211' title='bbox 733 2009 899 2056; x_wconf 84' lang='lat' dir='ltr'>sequenti</span> <span class='ocrx_word' id='word_1_212' title='bbox 918 2011 1086 2055; x_wconf 83' lang='lat' dir='ltr'>sumpta)</span> <span class='ocrx_word' id='word_1_213' title='bbox 1108 2008 1202 2043; x_wconf 89' lang='lat' dir='ltr'>male</span> <span class='ocrx_word' id='word_1_214' title='bbox 1215 2008 1253 2043; x_wconf 88' lang='lat' dir='ltr'>in</span> <span class='ocrx_word' id='word_1_215' title='bbox 1273 2021 1388 2043; x_wconf 87' lang='lat' dir='ltr'>unum</span> <span class='ocrx_word' id='word_1_216' title='bbox 1403 2008 1573 2043; x_wconf 87' lang='lat' dir='ltr'>adunatis</span> <span class='ocrx_word' id='word_1_217' title='bbox 1590 2020 1670 2043; x_wconf 84' lang='lat' dir='ltr'>eam</span> <span class='ocrx_word' id='word_1_218' title='bbox 1688 2007 1869 2042; x_wconf 88' lang='lat' dir='ltr'>conflavit.</span> <span class='ocrx_word' id='word_1_219' title='bbox 1882 2007 1969 2053; x_wconf 86' lang='lat' dir='ltr'>Ejus</span> 
     </span>
     <span class='ocr_line' id='line_1_30' title="bbox 550 2067 1967 2116; baseline 0 -14"><span class='ocrx_word' id='word_1_220' title='bbox 550 2068 648 2102; x_wconf 89' lang='lat' dir='ltr'>enim</span> <span class='ocrx_word' id='word_1_221' title='bbox 663 2068 810 2102; x_wconf 78' lang='lat' dir='ltr'>inscitiae</span> <span class='ocrx_word' id='word_1_222' title='bbox 822 2080 896 2103; x_wconf 86' lang='lat' dir='ltr'>non</span> <span class='ocrx_word' id='word_1_223' title='bbox 908 2068 1025 2102; x_wconf 89' lang='lat' dir='ltr'>solum</span> <span class='ocrx_word' id='word_1_224' title='bbox 1038 2067 1282 2115; x_wconf 80' lang='lat' dir='ltr'>praecedentes</span> <span class='ocrx_word' id='word_1_225' title='bbox 1293 2076 1330 2104; x_wconf 90' lang='lat' dir='ltr'>et</span> <span class='ocrx_word' id='word_1_226' title='bbox 1341 2075 1535 2116; x_wconf 83' lang='lat' dir='ltr'>sequentes</span> <span class='ocrx_word' id='word_1_227' title='bbox 1546 2067 1718 2115; x_wconf 84' lang='lat' dir='ltr'>epistolae‚</span> <span class='ocrx_word' id='word_1_228' title='bbox 1731 2067 1794 2102; x_wconf 90' lang='lat' dir='ltr'>sed</span> <span class='ocrx_word' id='word_1_229' title='bbox 1803 2067 1879 2102; x_wconf 85' lang='lat' dir='ltr'>haec</span> <span class='ocrx_word' id='word_1_230' title='bbox 1890 2067 1967 2114; x_wconf 89' lang='lat' dir='ltr'>ipsa</span> 
     </span>
     <span class='ocr_line' id='line_1_31' title="bbox 548 2126 1968 2175; baseline 0.001 -14"><span class='ocrx_word' id='word_1_231' title='bbox 548 2128 658 2162; x_wconf 86' lang='lat' dir='ltr'>etiam</span> <span class='ocrx_word' id='word_1_232' title='bbox 673 2127 718 2161; x_wconf 88' lang='lat' dir='ltr'>de</span> <span class='ocrx_word' id='word_1_233' title='bbox 736 2140 808 2175; x_wconf 86' lang='lat' dir='ltr'>qua</span> <span class='ocrx_word' id='word_1_234' title='bbox 826 2127 979 2175; x_wconf 85' lang='lat' dir='ltr'>agimus,</span> <span class='ocrx_word' id='word_1_235' title='bbox 995 2128 1152 2175; x_wconf 84' lang='lat' dir='ltr'>plurima</span> <span class='ocrx_word' id='word_1_236' title='bbox 1172 2128 1370 2175; x_wconf 88' lang='lat' dir='ltr'>perhibent</span> <span class='ocrx_word' id='word_1_237' title='bbox 1390 2127 1566 2175; x_wconf 86' lang='lat' dir='ltr'>exempla,</span> <span class='ocrx_word' id='word_1_238' title='bbox 1585 2140 1666 2175; x_wconf 87' lang='lat' dir='ltr'>quae</span> <span class='ocrx_word' id='word_1_239' title='bbox 1679 2126 1806 2162; x_wconf 89' lang='lat' dir='ltr'>sedulo</span> <span class='ocrx_word' id='word_1_240' title='bbox 1823 2141 1843 2162; x_wconf 89' lang='lat' dir='ltr'>a</span> <span class='ocrx_word' id='word_1_241' title='bbox 1860 2127 1968 2162; x_wconf 90' lang='lat' dir='ltr'>nobis</span> 
     </span>
     <span class='ocr_line' id='line_1_32' title="bbox 550 2186 1968 2235; baseline 0.001 -15"><span class='ocrx_word' id='word_1_242' title='bbox 550 2192 674 2221; x_wconf 83' lang='lat' dir='ltr'>notata</span> <span class='ocrx_word' id='word_1_243' title='bbox 687 2186 837 2221; x_wconf 82' lang='lat' dir='ltr'>suerunt</span> <span class='ocrx_word' id='word_1_244' title='bbox 854 2193 890 2221; x_wconf 88' lang='lat' dir='ltr'>et</span> <span class='ocrx_word' id='word_1_245' title='bbox 903 2199 922 2221; x_wconf 91' lang='lat' dir='ltr'>a</span> <span class='ocrx_word' id='word_1_246' title='bbox 935 2187 1100 2234; x_wconf 83' lang='lat' dir='ltr'>pristinis</span> <span class='ocrx_word' id='word_1_247' title='bbox 1117 2187 1334 2231; x_wconf 85' lang='lat' dir='ltr'>editoribus,</span> <span class='ocrx_word' id='word_1_248' title='bbox 1356 2187 1492 2235; x_wconf 87' lang='lat' dir='ltr'>absque</span> <span class='ocrx_word' id='word_1_249' title='bbox 1512 2186 1584 2221; x_wconf 87' lang='lat' dir='ltr'>ulla</span> <span class='ocrx_word' id='word_1_250' title='bbox 1599 2186 1824 2229; x_wconf 84' lang='lat' dir='ltr'>difficultate,</span> <span class='ocrx_word' id='word_1_251' title='bbox 1846 2198 1968 2221; x_wconf 87' lang='lat' dir='ltr'>emen-</span> 
     </span>
     <span class='ocr_line' id='line_1_33' title="bbox 551 2245 1965 2295; baseline 0.001 -16"><span class='ocrx_word' id='word_1_252' title='bbox 551 2245 645 2280; x_wconf 79' lang='lat' dir='ltr'>data.</span> <span class='ocrx_word' id='word_1_253' title='bbox 667 2245 988 2291; x_wconf 78' lang='lat' dir='ltr'>Quemadmodum</span> <span class='ocrx_word' id='word_1_254' title='bbox 1005 2247 1233 2282; x_wconf 76' lang='lat' dir='ltr'>indecentius</span> <span class='ocrx_word' id='word_1_255' title='bbox 1260 2247 1382 2295; x_wconf 89' lang='lat' dir='ltr'>potius</span> <span class='ocrx_word' id='word_1_256' title='bbox 1403 2259 1514 2295; x_wconf 91' lang='lat' dir='ltr'>quam</span> <span class='ocrx_word' id='word_1_257' title='bbox 1533 2246 1775 2291; x_wconf 78' lang='lat' dir='ltr'>indecontius,</span> <span class='ocrx_word' id='word_1_258' title='bbox 1799 2253 1838 2281; x_wconf 84' lang='lat' dir='ltr'>ut</span> <span class='ocrx_word' id='word_1_259' title='bbox 1855 2259 1965 2294; x_wconf 86' lang='lat' dir='ltr'>quam</span> 
     </span>
     <span class='ocr_line' id='line_1_34' title="bbox 551 2306 1962 2355; baseline 0.003 -17"><span class='ocrx_word' id='word_1_260' title='bbox 551 2307 602 2348; x_wconf 79' lang='lat' dir='ltr'>tit,</span> <span class='ocrx_word' id='word_1_261' title='bbox 625 2306 847 2341; x_wconf 77' lang='lat' dir='ltr'>abominatio</span> <span class='ocrx_word' id='word_1_262' title='bbox 877 2319 987 2354; x_wconf 84' lang='lat' dir='ltr'>quam</span> <span class='ocrx_word' id='word_1_263' title='bbox 1015 2308 1232 2352; x_wconf 72' lang='lat' dir='ltr'>(ibim-natio,</span> <span class='ocrx_word' id='word_1_264' title='bbox 1260 2308 1427 2344; x_wconf 78' lang='lat' dir='ltr'>doctores</span> <span class='ocrx_word' id='word_1_265' title='bbox 1455 2320 1565 2355; x_wconf 87' lang='lat' dir='ltr'>quam</span> <span class='ocrx_word' id='word_1_266' title='bbox 1586 2313 1750 2351; x_wconf 79' lang='lat' dir='ltr'>toctores,</span> <span class='ocrx_word' id='word_1_267' title='bbox 1769 2314 1854 2351; x_wconf 65' lang='lat' dir='ltr'>etc„</span> <span class='ocrx_word' id='word_1_268' title='bbox 1877 2314 1962 2350; x_wconf 64' lang='lat' dir='ltr'>etc„</span> 
     </span>
     <span class='ocr_line' id='line_1_35' title="bbox 550 2366 1965 2415; baseline 0.002 -16"><span class='ocrx_word' id='word_1_269' title='bbox 550 2378 675 2400; x_wconf 88' lang='lat' dir='ltr'>omnes</span> <span class='ocrx_word' id='word_1_270' title='bbox 689 2366 809 2413; x_wconf 84' lang='lat' dir='ltr'>legere</span> <span class='ocrx_word' id='word_1_271' title='bbox 822 2366 1041 2411; x_wconf 81' lang='lat' dir='ltr'>maluerunt,</span> <span class='ocrx_word' id='word_1_272' title='bbox 1058 2369 1108 2403; x_wconf 93' lang='lat' dir='ltr'>sic</span> <span class='ocrx_word' id='word_1_273' title='bbox 1120 2375 1157 2403; x_wconf 89' lang='lat' dir='ltr'>et</span> <span class='ocrx_word' id='word_1_274' title='bbox 1168 2368 1275 2403; x_wconf 88' lang='lat' dir='ltr'>nobis</span> <span class='ocrx_word' id='word_1_275' title='bbox 1288 2368 1410 2415; x_wconf 81' lang='lat' dir='ltr'>legere</span> <span class='ocrx_word' id='word_1_276' title='bbox 1423 2367 1553 2415; x_wconf 88' lang='lat' dir='ltr'>placet,</span> <span class='ocrx_word' id='word_1_277' title='bbox 1569 2379 1644 2403; x_wconf 88' lang='lat' dir='ltr'>non</span> <span class='ocrx_word' id='word_1_278' title='bbox 1658 2370 1872 2415; x_wconf 84' lang='lat' dir='ltr'>neptitatem</span> <span class='ocrx_word' id='word_1_279' title='bbox 1886 2380 1965 2403; x_wconf 90' lang='lat' dir='ltr'>ver-</span> 
     </span>
     <span class='ocr_line' id='line_1_36' title="bbox 551 2416 1961 2474; baseline 0.003 -16"><span class='ocrx_word' id='word_1_280' title='bbox 551 2425 638 2459; x_wconf 89' lang='lat' dir='ltr'>bum</span> <span class='ocrx_word' id='word_1_281' title='bbox 658 2438 805 2472; x_wconf 80' lang='lat' dir='ltr'>prorsus</span> <span class='ocrx_word' id='word_1_282' title='bbox 828 2416 1033 2469; x_wconf 77' lang='lat' dir='ltr'>insolitum,</span> <span class='ocrx_word' id='word_1_283' title='bbox 1053 2427 1115 2462; x_wconf 83' lang='lat' dir='ltr'>sed</span> <span class='ocrx_word' id='word_1_284' title='bbox 1140 2430 1314 2474; x_wconf 85' lang='lat' dir='ltr'>pietatem</span> <span class='ocrx_word' id='word_1_285' title='bbox 1334 2440 1459 2462; x_wconf 86' lang='lat' dir='ltr'>vocem</span> <span class='ocrx_word' id='word_1_286' title='bbox 1477 2427 1671 2474; x_wconf 85' lang='lat' dir='ltr'>saepissime</span> <span class='ocrx_word' id='word_1_287' title='bbox 1689 2427 1734 2461; x_wconf 85' lang='lat' dir='ltr'>ab</span> <span class='ocrx_word' id='word_1_288' title='bbox 1752 2427 1961 2471; x_wconf 82' lang='lat' dir='ltr'>Einhardo,</span> 
     </span>
     <span class='ocr_line' id='line_1_37' title="bbox 549 2484 1965 2534; baseline 0.002 -16"><span class='ocrx_word' id='word_1_289' title='bbox 549 2484 700 2532; x_wconf 83' lang='lat' dir='ltr'>aliisque</span> <span class='ocrx_word' id='word_1_290' title='bbox 714 2484 877 2530; x_wconf 74' lang='lat' dir='ltr'>ejusdcm</span> <span class='ocrx_word' id='word_1_291' title='bbox 895 2487 1007 2520; x_wconf 80' lang='lat' dir='ltr'>aetatis</span> <span class='ocrx_word' id='word_1_292' title='bbox 1022 2487 1273 2534; x_wconf 90' lang='lat' dir='ltr'>scriptoribus,</span> <span class='ocrx_word' id='word_1_293' title='bbox 1288 2493 1513 2534; x_wconf 84' lang='lat' dir='ltr'>usurpatam.</span> <span class='ocrx_word' id='word_1_294' title='bbox 1531 2486 1583 2521; x_wconf 88' lang='lat' dir='ltr'>De</span> <span class='ocrx_word' id='word_1_295' title='bbox 1601 2486 1737 2521; x_wconf 82' lang='lat' dir='ltr'>caeteris</span> <span class='ocrx_word' id='word_1_296' title='bbox 1752 2498 1837 2521; x_wconf 85' lang='lat' dir='ltr'>vero</span> <span class='ocrx_word' id='word_1_297' title='bbox 1854 2499 1965 2534; x_wconf 83' lang='lat' dir='ltr'>argu·</span> 
     </span>
     <span class='ocr_line' id='line_1_38' title="bbox 549 2545 1965 2594; baseline 0.002 -16"><span class='ocrx_word' id='word_1_298' title='bbox 549 2545 693 2588; x_wconf 76' lang='lat' dir='ltr'>mentis,</span> <span class='ocrx_word' id='word_1_299' title='bbox 713 2545 758 2579; x_wconf 87' lang='lat' dir='ltr'>ad</span> <span class='ocrx_word' id='word_1_300' title='bbox 777 2546 1003 2592; x_wconf 87' lang='lat' dir='ltr'>propositum</span> <span class='ocrx_word' id='word_1_301' title='bbox 1022 2554 1189 2582; x_wconf 89' lang='lat' dir='ltr'>nostrum</span> <span class='ocrx_word' id='word_1_302' title='bbox 1207 2545 1566 2590; x_wconf 83' lang='lat' dir='ltr'>confirmandum,ex</span> <span class='ocrx_word' id='word_1_303' title='bbox 1585 2547 1661 2593; x_wconf 87' lang='lat' dir='ltr'>ipsa</span> <span class='ocrx_word' id='word_1_304' title='bbox 1675 2546 1835 2594; x_wconf 87' lang='lat' dir='ltr'>epistolae</span> <span class='ocrx_word' id='word_1_305' title='bbox 1848 2547 1965 2582; x_wconf 82' lang='lat' dir='ltr'>forma</span> 
     </span>
     <span class='ocr_line' id='line_1_39' title="bbox 549 2602 1371 2653; baseline 0.002 -17"><span class='ocrx_word' id='word_1_306' title='bbox 549 2602 784 2647; x_wconf 73' lang='lat' dir='ltr'>deducendis,</span> <span class='ocrx_word' id='word_1_307' title='bbox 805 2604 886 2638; x_wconf 85' lang='lat' dir='ltr'>vide</span> <span class='ocrx_word' id='word_1_308' title='bbox 904 2611 1030 2639; x_wconf 83' lang='lat' dir='ltr'>contra</span> <span class='ocrx_word' id='word_1_309' title='bbox 1050 2613 1172 2641; x_wconf 89' lang='lat' dir='ltr'>notam</span> <span class='ocrx_word' id='word_1_310' title='bbox 1194 2606 1371 2653; x_wconf 84' lang='lat' dir='ltr'>gallicam.</span> 
     </span>
    </p>
   </div>
   <div class='ocr_carea' id='block_1_7' title="bbox 589 2700 1963 2744">
    <p class='ocr_par' dir='ltr' id='par_1_9' title="bbox 589 2700 1963 2744">
     <span class='ocr_line' id='line_1_40' title="bbox 589 2700 1963 2744; baseline 0.001 -16"><span class='ocrx_word' id='word_1_311' title='bbox 589 2700 630 2739; x_wconf 81' lang='lat'>(⁰)</span> <span class='ocrx_word' id='word_1_312' title='bbox 656 2702 686 2729; x_wconf 74' lang='lat' dir='ltr'>tn</span> <span class='ocrx_word' id='word_1_313' title='bbox 702 2701 917 2731; x_wconf 78' lang='lat' dir='ltr'>dissertatione</span> <span class='ocrx_word' id='word_1_314' title='bbox 936 2713 1003 2741; x_wconf 74' lang='lat' dir='ltr'>quar</span> <span class='ocrx_word' id='word_1_315' title='bbox 1024 2713 1102 2731; x_wconf 85' lang='lat' dir='ltr'>anno</span> <span class='ocrx_word' id='word_1_316' title='bbox 1128 2708 1207 2744; x_wconf 78' lang='lat'><strong>¹74⁰</strong></span> <span class='ocrx_word' id='word_1_317' title='bbox 1228 2704 1386 2744; x_wconf 74' lang='lat' dir='ltr'>prcemium</span> <span class='ocrx_word' id='word_1_318' title='bbox 1411 2703 1450 2732; x_wconf 87' lang='lat' dir='ltr'>ab</span> <span class='ocrx_word' id='word_1_319' title='bbox 1473 2702 1637 2732; x_wconf 77' lang='lat' dir='ltr'>Academia</span> <span class='ocrx_word' id='word_1_320' title='bbox 1654 2701 1865 2732; x_wconf 81' lang='lat' dir='ltr'>Suessiouensi</span> <span class='ocrx_word' id='word_1_321' title='bbox 1884 2711 1963 2741; x_wconf 60' lang='lat' dir='ltr'>pro-2</span> 
     </span>
    </p>
   </div>
   <div class='ocr_carea' id='block_1_8' title="bbox 545 2758 818 2795">
    <p class='ocr_par' dir='ltr' id='par_1_10' title="bbox 545 2758 818 2795">
     <span class='ocr_line' id='line_1_41' title="bbox 545 2758 818 2795; baseline 0.007 -12"><span class='ocrx_word' id='word_1_322' title='bbox 545 2758 674 2795; x_wconf 68' lang='lat' dir='ltr'>positum</span> <span class='ocrx_word' id='word_1_323' title='bbox 694 2758 770 2786; x_wconf 74' lang='lat' dir='ltr'>tulit.</span> <span class='ocrx_word' id='word_1_324' title='bbox 816 2768 818 2770; x_wconf 91' lang='lat'>·</span> 
     </span>
    </p>
   </div>
  </div>
 </body>
</html>
