2105 3348
638 285 714 321 172
1017 281 1081 318 AD
1112 280 1366 320 EINHARDI
1398 282 1663 324 EPISTOLAS

638 362 826 419 indigeo.
868 362 913 403 In
944 361 1123 403 Victorii
1148 376 1319 420 quoque
1348 362 1559 405 calculum
1578 397 1588 416 ,
1626 366 1780 423 praevia
1804 366 1882 408 Dei
1908 367 2041 423 gratia

639 449 857 495 vestraque
889 436 1084 479 doctrina
1103 471 1112 489 ,
1153 438 1320 497 ingredi
1355 440 1496 498 cupio.
1528 440 1778 498 Quinetiam
1808 443 1851 484 in
1887 442 2041 500 hujus-

638 513 754 555 modi
772 513 1049 567 dictionibus,
1069 524 1116 557 ut
1136 526 1197 558 est
1219 527 1440 567 aratrum,
1459 516 1670 569 salubris,
1693 528 1734 561 et
1751 519 1904 562 similia
1920 553 1930 572 ,
1951 535 2045 578 quae

639 608 724 633 non
750 590 878 633 modo
899 593 1133 650 positione,
1160 593 1231 636 sed
1258 595 1383 636 etiam
1411 604 1563 637 natura
1589 595 1867 654 penultimam
1891 597 2045 639 viden-

639 678 707 709 tur
745 669 900 712 habere
925 670 1201 728 productam,
1226 688 1382 730 magna
1415 672 1620 715 haesitatio
1663 683 1747 726 est,
1782 674 1826 715 in
1861 689 1944 732 qua
1981 690 2047 716 me

640 744 780 788 adhuc
816 745 1010 789 laborare
1034 748 1267 807 profiteor:
1300 759 1545 792 utrumnam
1580 759 1741 791 naturae
1777 749 2047 792 serviendum

639 823 719 875 sit,
739 832 785 865 ut
807 824 1059 882 penultima,
1085 835 1132 868 ut
1152 836 1241 878 est,
1268 826 1398 885 longa
1423 828 1751 886 pronuntietur,
1778 843 1849 880 an,
1876 838 2050 886 propter

640 898 748 941 illud
765 900 881 958 quod
892 902 1085 944 Donatus
1103 903 1161 946 ait
1174 921 1181 945 :
1193 922 1277 943 -—-«
1292 904 1335 946 Si
1350 903 1584 962 penultima
1596 905 1805 963 positione
1818 903 1948 961 longa
1958 902 2051 945 fue-

642 978 712 1029 rit,
736 978 821 1036 [in]
840 979 928 1036 ipsa
948 989 1145 1033 acuetur,
1173 981 1229 1038 [et
1252 981 1588 1040 antepenultima
1609 982 1730 1039 gravi
1753 991 1931 1024 accentu
1952 997 2053 1041 pro-

643 1053 933 1113 nuntiabitur]
957 1065 1003 1099 ut
1018 1055 1238 1110 Catullus,-
1258 1060 1315 1100 ita
1333 1069 1491 1111 tamen,
1516 1059 1551 1101 si
1569 1059 1778 1117 positione
1797 1058 1944 1116 longa,
1965 1074 2051 1100 non

640 1149 691 1173 ex
713 1142 829 1174 muta
855 1143 895 1175 et
915 1132 1077 1191 liquida
1100 1134 1256 1189 suerit,
1281 1152 1379 1178 nam
1404 1136 1586 1179 mutabit
1606 1147 1829 1179 accentum
1844 1170 1854 1188 ,
1879 1146 1928 1178 ut
1940 1136 2054 1193 pha-

640 1219 758 1250 retra
778 1228 796 1250 »
811 1243 823 1260 ,
844 1209 905 1272 (1)
927 1240 986 1246 —-
1006 1213 1051 1254 in
1081 1224 1233 1256 natura
1260 1213 1387 1256 simul
1410 1224 1451 1256 et
1476 1214 1549 1256 tali
1570 1216 1779 1273 positione
1802 1213 2022 1273 productis
2037 1247 2048 1266 ,

642 1291 881 1333 communis
906 1290 1067 1349 syllaba
1090 1301 1252 1334 naturae
1278 1290 1551 1350 praejudicet,
1573 1301 1614 1334 et
1646 1301 1845 1335 accentus
1868 1292 1912 1333 in
1937 1301 2055 1334 ante-

643 1367 921 1426 penultimam
941 1367 1236 1411 transferatur.
1255 1369 1450 1427 Namque
1471 1368 1579 1410 nihil
1600 1369 1645 1410 in
1667 1368 1916 1412 auctoribus
1945 1368 2050 1411 soli-

641 1445 745 1486 dum
757 1445 898 1488 adhue
908 1446 1094 1504 reperire
1108 1447 1246 1504 potui,
1259 1445 1374 1489 unde
1385 1456 1481 1489 uter
1491 1462 1642 1489 eorum
1654 1462 1800 1489 sensus
1814 1456 1887 1489 aut
1901 1447 2048 1498 astrui,

642 1532 714 1564 aut
733 1522 923 1565 abdicari
940 1523 1047 1565 mihi
1068 1539 1189 1582 posse
1209 1522 1418 1565 videatur.
1439 1523 1533 1566 Erit
1549 1523 1683 1581 igitur
1699 1533 1846 1566 vestrae
1865 1521 2056 1582 pruden-

643 1601 709 1643 tiae
732 1601 842 1643 hanc
880 1601 1203 1659 ambiguitatem
1236 1600 1459 1653 dirimere,
1487 1610 1528 1643 et
1554 1610 1701 1643 utrum
1732 1617 1882 1643 eorum
1911 1600 2056 1658 aliquo

644 1677 901 1722 documento
920 1678 1153 1721 fortissimo
1175 1679 1395 1721 roborare.
1418 1678 1641 1737 Siquidem
1665 1678 1718 1721 ad
1736 1677 2030 1721 difficultatem
2046 1710 2056 1728 ,

645 1754 760 1812 quod
788 1765 945 1797 certam
975 1756 1076 1797 huie
1106 1755 1267 1798 nullius
1299 1756 1466 1814 reperio
1498 1755 1714 1813 regulam,
1741 1754 1906 1797 aceedit
1931 1754 2059 1796 etiam

647 1833 727 1875 hoc
761 1833 877 1891 quod
911 1834 955 1875 in
990 1843 1127 1876 metro
1162 1832 1438 1890 hujusmodi,
1465 1843 1513 1875 ut
1545 1843 1605 1875 est
1636 1844 1859 1883 aratrum,
1895 1847 2061 1889 semper

646 1910 897 1968 productam
912 1912 1085 1953 invenio
1105 1910 1415 1970 penultimam,
1436 1911 1598 1963 eum,si
1620 1911 1662 1952 in
1683 1909 1935 1952 naturaliter
1953 1925 2061 1967 quo-

644 2004 726 2045 que
754 1988 894 2047 longis
914 1990 1155 2032 communis
1175 1988 1336 2047 syllaba
1355 1988 1517 2041 valeat,
1538 1988 1816 2030 manifestum
1835 1988 1888 2030 sit
1909 1997 2062 2029 aratra

648 2067 910 2109 nominativo
925 2100 934 2117 ,
965 2067 1208 2109 accusativo
1230 2076 1271 2108 et
1293 2066 1489 2108 vocativo
1513 2065 1774 2124 pluralibus,
1805 2081 1880 2124 por
1910 2063 2061 2121 dacty-

647 2141 735 2183 lum
764 2144 866 2200 poni
902 2144 1104 2202 potuisse.
1145 2144 1255 2186 Sunt
1285 2153 1326 2185 et
1352 2142 1435 2185 alia
1468 2142 1692 2201 complura
1730 2139 2060 2199 interroganda,

648 2235 741 2276 qufe
756 2230 898 2262 notata
917 2230 1039 2263 teneo
1053 2255 1063 2273 ,
1081 2236 1260 2279 quaeque
1286 2219 1554 2262 commodius
1572 2253 1582 2272 ,
1608 2220 1642 2261 si
1659 2220 1774 2261 Deus
1791 2234 1951 2277 vosque
1968 2232 2064 2276 per-

651 2295 864 2346 miseritis,
879 2312 1060 2354 praesens
1078 2296 1331 2356 disquiram.
1343 2298 1395 2339 Et
1413 2296 1589 2338 obsecro
1609 2312 1683 2354 per
1702 2311 1831 2354 quam
1849 2295 1958 2336 mihi
1972 2294 2064 2352 pie-

651 2382 777 2414 tatem
796 2375 981 2429 gratuito
1000 2391 1164 2434 semper
1186 2375 1453 2426 exhibuistis,
1473 2384 1535 2426 ut,
1548 2373 1690 2432 quoad
1713 2373 1881 2415 veniam
1895 2371 1949 2414 ad
1971 2387 2062 2423 VOS,

699 2555 748 2599 (ι)
764 2554 856 2589 ,Έὶίί
875 2555 1013 2589 Donati
1025 2555 1134 2590 editio
1149 2558 1278 2602 prima,
1291 2569 1370 2603 cap.
1389 2556 1409 2591 5
1425 2556 1470 2591 de
1483 2556 1615 2599 Tonis;
1632 2555 1736 2602 apud
1749 2555 1914 2598 Pulsch„
1931 2556 2066 2589 Gram-

652 2621 795 2652 malicoe
821 2619 947 2653 latime
971 2626 1138 2654 auctores
1160 2623 1317 2668 antiqui,
1336 2636 1373 2667 p.
1401 2624 1497 2669 1742.
1519 2641 1562 2645 —-
1584 2621 1686 2667 Loup
1705 2634 1722 2654 a
1747 2619 1816 2654 mal
1844 2619 2003 2666 compris
2028 2630 2067 2653 ce

651 2696 798 2729 passage
812 2684 856 2719 dc
872 2684 1010 2725 l)onat;
1032 2683 1055 2717 il
1074 2684 1232 2718 confond
1249 2685 1299 2719 les
1316 2685 1432 2732 regles
1444 2685 1489 2720 de
1507 2685 1539 2719 la
1557 2685 1836 2731 prononciation
1859 2696 1941 2718 avec
1961 2682 2068 2717 celles

652 2750 696 2784 ‹lc
716 2750 745 2783 la
765 2750 946 2795 prosodie,
958 2756 993 2784 et
1008 2756 1100 2784 cette
1119 2762 1247 2784 errem·
1266 2750 1354 2784 rend
1378 2757 1479 2786 toute
1493 2757 1588 2785 cette
1607 2750 1722 2795 partie
1735 2748 1780 2784 de
1799 2761 1834 2784 sa
1852 2748 1958 2783 lettre
1973 2758 2066 2782 assez

654 2815 818 2849 obscure.
