2105 3348
593 289 669 324 200
896 282 1136 321 HISTORIA
1167 279 1587 326 TRANSLATIONIS,
1622 296 1699 319 E‘rc.

595 375 743 410 torem
765 362 992 418 directos,
1020 360 1100 405 illo
1127 359 1254 404 brevi
1283 375 1378 404 csse
1403 368 1644 404 venturos.
1670 360 1830 424 Itaque
1858 359 1993 405 veriti

590 441 645 486 ‹le
665 440 867 485 adventu
893 438 1085 485 illorum
1111 435 1288 500 aliquid
1314 434 1399 480 sibi
1425 434 1740 492 incommodi,
1765 435 1834 482 vel
1854 436 1994 481 etiam

592 514 913 579 impedimenti
939 513 1148 560 accidere
1169 530 1300 577 posse
1314 548 1326 569 ,
1351 513 1385 557 si
1410 530 1455 559 se
1476 511 1539 557 ibi
1560 511 1992 575 deprehenderent,

587 592 898 638 decreverunt
920 603 973 637 ut
995 591 1185 656 quidam
1205 609 1261 637 ex
1286 591 1349 637 eis
1369 588 1587 636 abeundo
1601 624 1614 647 ,
1636 588 1891 635 adventum
1911 606 1993 635 eo*

586 688 694 715 rum
712 669 980 717 festinando
1004 669 1354 733 praevenirent3
1378 668 1453 713 alii
1476 668 1523 713 in
1541 667 1648 713 loco
1667 677 1993 720 remanerent,

589 759 634 792 vt
659 766 709 795 re
727 747 784 795 de
808 766 898 812 qua
925 748 1113 794 solliciti
1139 758 1273 793 erant
1292 746 1544 810 diligenter
1573 745 1868 807 investigata,
1891 754 1997 807 post

590 827 863 872 eorumdem
900 825 1163 889 legatorum
1202 822 1464 869 abscessum
1504 822 1654 868 socios
1697 837 1805 867 suos
1825 859 1834 878 ,
1878 838 1997 885 quos

589 905 913 967 praemiserant
928 939 939 959 ‚
962 904 1093 968 sequi
1121 910 1449 965 properarent.
1473 900 1593 945 Cum
1620 900 1681 945 ita
1702 899 1826 945 inter
1846 915 1922 945 eos
1941 898 1997 944 de

592 982 672 1026 hac
691 999 740 1027 re
759 980 1046 1028 constitisset
1060 1016 1072 1035 ,
1092 977 1338 1025 Deusdona
1359 995 1465 1023 cum
1485 976 1765 1041 presbytero
1784 974 1994 1022 Hildoini

588 1059 761 1121 legatos
784 1060 928 1105 Roma
951 1057 1191 1103 venientes
1217 1055 1454 1119 praecessit
1476 1090 1486 1109 ‚
1510 1064 1555 1101 et
1576 1054 1834 1117 Augustam
1858 1053 1997 1099 Sues-

586 1136 773 1181 sionum
788 1136 878 1198 (a),
903 1133 983 1179 ubi
1000 1133 1278 1180 Hildoinnm
1305 1150 1398 1177 esse
1414 1130 1622 1186 rebatur,
1642 1142 1817 1195 quanta
1837 1130 1998 1194 potuit

586 1212 889 1258 festinatione
914 1209 1186 1265 contendit3
1214 1208 1449 1255 Ratleicus
1478 1225 1590 1254 vero
1614 1226 1722 1253 cum
1749 1206 1966 1254 thesauro
1982 1243 1993 1262 ‚

587 1306 728 1353 quem
747 1305 905 1334 secum
928 1285 1150 1343 habebat,
1173 1286 1327 1349 Papiae
1348 1286 1598 1340 remansit,
1622 1295 1894 1348 exspectans
1910 1284 1997 1331 do—

591 1384 674 1413 nec
694 1366 829 1431 legati
850 1365 979 1413 Sedis
1003 1363 1291 1428 Apostolicae
1315 1362 1636 1427 praeterirent,
1656 1372 1724 1416 ut,
1743 1362 1834 1407 illis
1858 1362 1997 1425 Alpes

587 1444 907 1507 transgressis,
950 1442 1074 1489 viam
1113 1459 1243 1486 suam
1277 1440 1484 1487 securius
1520 1457 1710 1503 carpere
1748 1440 1993 1503 potuisset.

586 1522 773 1568 Veritus
798 1521 955 1584 itaque
982 1537 1041 1566 ne
1061 1517 1312 1582 presbyter
1337 1516 1549 1562 Hildoini
1566 1552 1579 1573 ,
1605 1516 1688 1581 qui
1715 1534 1822 1562 cum
1846 1517 1998 1563 Deus-

585 1599 707 1646 dona
749 1607 1076 1662 praecesserat,
1113 1596 1291 1659 quique
1322 1595 1540 1641 omnium
1557 1629 1568 1648 ,
1614 1611 1720 1658 quae
1759 1593 1882 1657 apud
1920 1611 1997 1640 eos

586 1686 709 1739 gesta
734 1675 804 1721 vel
839 1685 1032 1720 tractata
1065 1673 1279 1728 fuerant,
1311 1671 1570 1735 plenariam
1596 1680 1737 1734 atque
1763 1672 1995 1734 integram

586 1753 806 1799 notitiam
848 1750 1073 1806 hab-ebat,
1117 1750 1224 1815 quia
1264 1748 1393 1795 vafer
1437 1766 1488 1793 ac
1523 1747 1719 1794 lubricae
1767 1747 1872 1794 fidei
1923 1750 1997 1794 vi—

585 1829 808 1886 debatur,
856 1828 1038 1892 aliquid
1073 1826 1398 1890 impedimenti
1433 1824 1520 1870 sibi
1559 1826 1607 1871 in
1640 1826 1738 1881 via,
1790 1843 1879 1890 qua
1928 1827 1995 1873 ire

585 1905 865 1969 dispositum
892 1903 1093 1949 habebat
1113 1939 1126 1959 ,
1153 1901 1410 1948 machinari
1447 1901 1709 1958 debuisset,
1738 1902 1880 1949 altera
1906 1902 1993 1948 sibi

584 1983 795 2030 eundum
836 1981 1065 2045 judicavit
1086 2000 1099 2036 3
1145 1981 1382 2044 missoque
1426 1978 1483 2025 ad
1548 1997 1623 2025 me
1671 1982 1994 2043 procuratoris

582 2061 733 2108 nostri
756 2059 930 2106 Ascolfi
956 2076 1105 2122 puero
1126 2075 1230 2104 cum
1271 2057 1440 2103 litteris
1472 2057 1647 2121 quibus
1668 2075 1743 2104 me
1768 2069 1814 2104 et
1837 2057 1894 2105 de
1918 2076 1994 2105 re—

581 2138 796 2185 versione
817 2155 895 2182 sua
911 2172 922 2191 ,
951 2136 1072 2182 etde
1097 2135 1319 2182 allatione
1341 2134 1572 2190 thesauri,
1597 2153 1740 2199 quem
1765 2135 1992 2181 divinitus

582 2215 765 2277 adjutus
802 2213 1071 2268 invenerat,
1104 2223 1287 2258 certum
1324 2211 1548 2266 efficeret,
1585 2212 1707 2274 ipse,
1739 2221 1989 2275 postquam

581 2293 820 2337 Romanos
841 2307 896 2335 ex
921 2290 1189 2351 conjectura
1210 2289 1512 2334 mansionum
1540 2305 1646 2351 quae
1669 2288 1733 2333 cis
1755 2287 1991 2349 paraban-

583 2381 678 2422 tur,
707 2367 847 2430 Alpes
880 2384 1115 2429 superasse
1146 2366 1357 2429 putavit,
1383 2366 1519 2430 Papia
1549 2366 1738 2423 relicta,
1767 2378 1891 2413 sexta
1916 2367 1991 2414 die

581 2445 635 2490 acl
661 2446 706 2490 S.
730 2443 1007 2504 Mauritium
1024 2443 1170 2488 venit.
1194 2442 1377 2507 Ibique,
1401 2444 1683 2507 comparatis
1703 2461 1809 2508 quae
1824 2442 1880 2488 ad
1902 2443 1990 2490 hoc

581 2520 832 2567 necessaria
871 2517 1170 2573 videbantur,
1208 2536 1332 2564 sacra
1361 2519 1434 2564 illa
1471 2536 1697 2583 corpora,
1731 2519 1888 2566 loculo
1916 2520 1990 2565 in-

581 2599 700 2644 clusa
718 2634 728 2653 ‚
752 2597 930 2643 feretro
951 2597 1199 2658 imposuit3
1222 2608 1360 2660 atque
1376 2597 1484 2643 inde
1502 2614 1787 2660 promovens
1801 2633 1815 2653 ,
1835 2597 1985 2660 palam

625 2779 674 2823 (ιι)
696 2778 790 2812 Edit.
817 2779 988 2824 Augusta
1011 2779 1257 2812 §utemini-mn.-
1277 2786 1311 2811 vt
1333 2791 1439 2825 snpra
1460 2781 1560 2823 Aug.
1585 2779 1801 2814 Suesxiomtc.
